<?xml version="1.0" encoding="UTF-8"?>
<!DOCTYPE html PUBLIC "-//W3C//DTD XHTML 1.0 Transitional//EN"
    "http://www.w3.org/TR/xhtml1/DTD/xhtml1-transitional.dtd">
<html xmlns="http://www.w3.org/1999/xhtml" xml:lang="en" lang="en">
 <head>
  <title>
</title>
<meta http-equiv="Content-Type" content="text/html;charset=utf-8" />
  <meta name='ocr-system' content='tesseract 3.04.00' />
  <meta name='ocr-capabilities' content='ocr_page ocr_carea ocr_par ocr_line ocrx_word'/>
</head>
<body>
  <div class='ocr_page' id='page_1' title='image "./demosthenisquae00schgoog_0695.png"; bbox 0 0 2774 4740; ppageno 0'>
   <div class='ocr_carea' id='block_1_1' title="bbox 55 187 1138 302">
    <p class='ocr_par' dir='ltr' id='par_1_1' title="bbox 55 187 1138 302">
     <span class='ocr_line' id='line_1_1' title="bbox 55 187 1138 302; baseline -0.002 -3"><span class='ocrx_word' id='word_1_1' title='bbox 55 256 60 264; x_wconf 52' lang='lat'><em>1</em></span> <span class='ocrx_word' id='word_1_2' title='bbox 183 232 248 302; x_wconf 82' lang='grc' dir='ltr'>εσε</span> <span class='ocrx_word' id='word_1_3' title='bbox 539 187 937 298; x_wconf 72' lang='lat' dir='ltr'>inrorarrores-</span> <span class='ocrx_word' id='word_1_4' title='bbox 982 229 986 237; x_wconf 85' lang='lat'>·</span> <span class='ocrx_word' id='word_1_5' title='bbox 1132 228 1138 249; x_wconf 88' lang='lat'><em>·</em></span> 
     </span>
    </p>
   </div>
   <div class='ocr_carea' id='block_1_2' title="bbox 265 398 1274 608">
    <p class='ocr_par' dir='ltr' id='par_1_2' title="bbox 265 398 1274 608">
     <span class='ocr_line' id='line_1_2' title="bbox 265 398 1217 504; baseline 0.008 -43"><span class='ocrx_word' id='word_1_6' title='bbox 265 401 298 461; x_wconf 99' lang='grc' dir='ltr'>Ρ.</span> <span class='ocrx_word' id='word_1_7' title='bbox 311 404 383 466; x_wconf 90' lang='grc'><strong>449.</strong></span> <span class='ocrx_word' id='word_1_8' title='bbox 394 421 426 504; x_wconf 71' lang='grc' dir='ltr'><strong>α.</strong></span> <span class='ocrx_word' id='word_1_9' title='bbox 438 401 488 468; x_wconf 74' lang='lat'>26.</span> <span class='ocrx_word' id='word_1_10' title='bbox 508 398 613 483; x_wconf 87' lang='grc' dir='ltr'><strong><em>καλδν]</em></strong></span> <span class='ocrx_word' id='word_1_11' title='bbox 627 423 673 483; x_wconf 74' lang='grc' dir='ltr'><strong>γρ.</strong></span> <span class='ocrx_word' id='word_1_12' title='bbox 687 406 787 478; x_wconf 84' lang='grc' dir='ltr'><strong><em>καλοῖς</em></strong></span> <span class='ocrx_word' id='word_1_13' title='bbox 798 424 901 484; x_wconf 80' lang='lat' dir='ltr'>margo</span> <span class='ocrx_word' id='word_1_14' title='bbox 920 404 1099 468; x_wconf 82' lang='lat' dir='ltr'>Lutetimae.</span> <span class='ocrx_word' id='word_1_15' title='bbox 1119 420 1217 469; x_wconf 64' lang='lat' dir='ltr'>aaran</span> 
     </span>
     <span class='ocr_line' id='line_1_3' title="bbox 267 514 1274 608; baseline 0.011 -30"><span class='ocrx_word' id='word_1_16' title='bbox 267 520 298 578; x_wconf 84' lang='grc' dir='ltr'>Ρ.</span> <span class='ocrx_word' id='word_1_17' title='bbox 315 521 387 586; x_wconf 85' lang='grc'><strong>449.</strong></span> <span class='ocrx_word' id='word_1_18' title='bbox 402 539 433 577; x_wconf 87' lang='lat' dir='ltr'>v.</span> <span class='ocrx_word' id='word_1_19' title='bbox 447 523 496 583; x_wconf 75' lang='lat'>26.</span> <span class='ocrx_word' id='word_1_20' title='bbox 518 514 613 603; x_wconf 68' lang='grc' dir='ltr'><strong><em>’ὑμεῖς</em></strong></span> <span class='ocrx_word' id='word_1_21' title='bbox 624 514 799 603; x_wconf 74' lang='grc' dir='ltr'><strong><em>α’βὲλπερον]</em></strong></span> <span class='ocrx_word' id='word_1_22' title='bbox 820 521 908 603; x_wconf 80' lang='lat' dir='ltr'>Vulg.</span> <span class='ocrx_word' id='word_1_23' title='bbox 924 517 1083 607; x_wconf 79' lang='grc' dir='ltr'><strong><em>άβέλτερον</em></strong></span> <span class='ocrx_word' id='word_1_24' title='bbox 1100 524 1196 608; x_wconf 71' lang='lat' dir='ltr'>ripale.</span> <span class='ocrx_word' id='word_1_25' title='bbox 1221 525 1274 588; x_wconf 86' lang='lat' dir='ltr'>In·</span> 
     </span>
    </p>
   </div>
   <div class='ocr_carea' id='block_1_3' title="bbox 182 603 1137 683">
    <p class='ocr_par' dir='ltr' id='par_1_3' title="bbox 182 603 1137 683">
     <span class='ocr_line' id='line_1_4' title="bbox 182 603 1137 683; baseline 0.005 -19"><span class='ocrx_word' id='word_1_26' title='bbox 182 610 304 665; x_wconf 83' lang='lat' dir='ltr'>vertunt</span> <span class='ocrx_word' id='word_1_27' title='bbox 319 603 571 683; x_wconf 73' lang='lat' dir='ltr'>Augustprimua</span> <span class='ocrx_word' id='word_1_28' title='bbox 588 615 617 663; x_wconf 89' lang='lat' dir='ltr'>et</span> <span class='ocrx_word' id='word_1_29' title='bbox 631 607 797 681; x_wconf 74' lang='lat' dir='ltr'>secundun,</span> <span class='ocrx_word' id='word_1_30' title='bbox 818 607 987 668; x_wconf 86' lang='lat' dir='ltr'>Bavaricua.</span> <span class='ocrx_word' id='word_1_31' title='bbox 1008 630 1104 671; x_wconf 72' lang='lat' dir='ltr'>aetat.</span> <span class='ocrx_word' id='word_1_32' title='bbox 1134 664 1137 669; x_wconf 88' lang='lat'><strong>.</strong></span> 
     </span>
    </p>
   </div>
   <div class='ocr_carea' id='block_1_4' title="bbox 268 703 1172 792">
    <p class='ocr_par' dir='ltr' id='par_1_4' title="bbox 268 703 1172 792">
     <span class='ocr_line' id='line_1_5' title="bbox 268 703 1172 792; baseline 0.008 -27"><span class='ocrx_word' id='word_1_33' title='bbox 268 707 298 767; x_wconf 87' lang='lat' dir='ltr'>P.</span> <span class='ocrx_word' id='word_1_34' title='bbox 314 712 385 772; x_wconf 85' lang='grc'><strong>449.</strong></span> <span class='ocrx_word' id='word_1_35' title='bbox 401 726 430 764; x_wconf 86' lang='lat' dir='ltr'>v.</span> <span class='ocrx_word' id='word_1_36' title='bbox 447 711 496 770; x_wconf 70' lang='lat'>26.</span> <span class='ocrx_word' id='word_1_37' title='bbox 519 705 686 788; x_wconf 76' lang='grc' dir='ltr'><strong><em>λογίζεσθε]</em></strong></span> <span class='ocrx_word' id='word_1_38' title='bbox 704 703 852 792; x_wconf 76' lang='grc' dir='ltr'><strong><em>λογίζεσθ’</em></strong></span> <span class='ocrx_word' id='word_1_39' title='bbox 867 710 993 772; x_wconf 79' lang='lat' dir='ltr'>bekker.</span> <span class='ocrx_word' id='word_1_40' title='bbox 1015 730 1172 772; x_wconf 73' lang='lat' dir='ltr'>raama».</span> 
     </span>
    </p>
   </div>
   <div class='ocr_carea' id='block_1_5' title="bbox 182 804 1279 1143">
    <p class='ocr_par' dir='ltr' id='par_1_5' title="bbox 182 804 1279 1143">
     <span class='ocr_line' id='line_1_6' title="bbox 268 804 1277 892; baseline -0.004 -20"><span class='ocrx_word' id='word_1_41' title='bbox 268 809 299 866; x_wconf 86' lang='lat' dir='ltr'>P·</span> <span class='ocrx_word' id='word_1_42' title='bbox 313 812 383 872; x_wconf 85' lang='grc'><strong>449.</strong></span> <span class='ocrx_word' id='word_1_43' title='bbox 395 827 424 866; x_wconf 84' lang='lat' dir='ltr'>v·</span> <span class='ocrx_word' id='word_1_44' title='bbox 440 804 502 872; x_wconf 60' lang='lat'>271</span> <span class='ocrx_word' id='word_1_45' title='bbox 513 808 541 869; x_wconf 82' lang='lat' dir='ltr'>ei</span> <span class='ocrx_word' id='word_1_46' title='bbox 553 804 708 888; x_wconf 78' lang='grc' dir='ltr'><strong><em>εάφωνος]</em></strong></span> <span class='ocrx_word' id='word_1_47' title='bbox 723 807 862 887; x_wconf 75' lang='grc' dir='ltr'><strong><em>εὔφωνον</em></strong></span> <span class='ocrx_word' id='word_1_48' title='bbox 878 830 947 870; x_wconf 85' lang='lat' dir='ltr'>aum</span> <span class='ocrx_word' id='word_1_49' title='bbox 965 824 1128 892; x_wconf 42' lang='lat' dir='ltr'>ypssfmargo</span> <span class='ocrx_word' id='word_1_50' title='bbox 1141 810 1277 869; x_wconf 89' lang='lat' dir='ltr'>Lutetia-</span> 
     </span>
     <span class='ocr_line' id='line_1_7' title="bbox 182 891 1277 973; baseline 0.002 -23"><span class='ocrx_word' id='word_1_51' title='bbox 182 909 253 966; x_wconf 86' lang='lat' dir='ltr'>nae,</span> <span class='ocrx_word' id='word_1_52' title='bbox 275 891 346 950; x_wconf 89' lang='lat' dir='ltr'>item</span> <span class='ocrx_word' id='word_1_53' title='bbox 362 893 484 969; x_wconf 78' lang='lat' dir='ltr'><strong>August.</strong></span> <span class='ocrx_word' id='word_1_54' title='bbox 500 893 632 971; x_wconf 78' lang='lat' dir='ltr'>primus,</span> <span class='ocrx_word' id='word_1_55' title='bbox 650 893 740 952; x_wconf 88' lang='lat' dir='ltr'>editio</span> <span class='ocrx_word' id='word_1_56' title='bbox 757 896 789 952; x_wconf 91' lang='lat' dir='ltr'>P.</span> <span class='ocrx_word' id='word_1_57' title='bbox 805 895 945 968; x_wconf 87' lang='lat' dir='ltr'>Manutii,</span> <span class='ocrx_word' id='word_1_58' title='bbox 967 896 1085 973; x_wconf 74' lang='lat' dir='ltr'>vulgata</span> <span class='ocrx_word' id='word_1_59' title='bbox 1101 894 1133 953; x_wconf 88' lang='lat' dir='ltr'>in</span> <span class='ocrx_word' id='word_1_60' title='bbox 1148 895 1277 953; x_wconf 91' lang='lat' dir='ltr'>indicem</span> 
     </span>
     <span class='ocr_line' id='line_1_8' title="bbox 182 974 1278 1058; baseline 0.005 -24"><span class='ocrx_word' id='word_1_61' title='bbox 182 976 300 1034; x_wconf 87' lang='lat' dir='ltr'>reiecta.</span> <span class='ocrx_word' id='word_1_62' title='bbox 316 974 350 1035; x_wconf 84' lang='lat' dir='ltr'>V.</span> <span class='ocrx_word' id='word_1_63' title='bbox 364 977 402 1034; x_wconf 93' lang='lat' dir='ltr'>ad</span> <span class='ocrx_word' id='word_1_64' title='bbox 414 996 491 1034; x_wconf 84' lang='lat' dir='ltr'>vera.</span> <span class='ocrx_word' id='word_1_65' title='bbox 500 997 580 1055; x_wconf 81' lang='lat' dir='ltr'>aequ.</span> <span class='ocrx_word' id='word_1_66' title='bbox 597 975 722 1053; x_wconf 78' lang='grc' dir='ltr'><strong><em>εὔφωνα</em></strong></span> <span class='ocrx_word' id='word_1_67' title='bbox 739 979 791 1045; x_wconf 90' lang='lat' dir='ltr'>dat</span> <span class='ocrx_word' id='word_1_68' title='bbox 804 980 912 1039; x_wconf 78' lang='lat' dir='ltr'><strong>Aldina</strong></span> <span class='ocrx_word' id='word_1_69' title='bbox 921 979 1043 1058; x_wconf 83' lang='lat' dir='ltr'>Taylori</span> <span class='ocrx_word' id='word_1_70' title='bbox 1054 979 1118 1041; x_wconf 80' lang='lat' dir='ltr'>aine</span> <span class='ocrx_word' id='word_1_71' title='bbox 1133 978 1166 1040; x_wconf 81' lang='grc' dir='ltr'>ελ</span> <span class='ocrx_word' id='word_1_72' title='bbox 1179 997 1278 1039; x_wconf 67' lang='lat' dir='ltr'>aaran.</span> 
     </span>
     <span class='ocr_line' id='line_1_9' title="bbox 182 1057 1279 1143; baseline 0.001 -24"><span class='ocrx_word' id='word_1_73' title='bbox 182 1060 261 1119; x_wconf 89' lang='lat' dir='ltr'>Bene</span> <span class='ocrx_word' id='word_1_74' title='bbox 279 1057 419 1138; x_wconf 77' lang='grc' dir='ltr'><strong><em>εὔφωνον</em></strong></span> <span class='ocrx_word' id='word_1_75' title='bbox 436 1061 560 1126; x_wconf 75' lang='lat' dir='ltr'>bekker.</span> <span class='ocrx_word' id='word_1_76' title='bbox 583 1058 723 1137; x_wconf 72' lang='grc' dir='ltr'><strong><em>εὔφωνον</em></strong></span> <span class='ocrx_word' id='word_1_77' title='bbox 739 1070 875 1139; x_wconf 77' lang='grc' dir='ltr'><strong><em>σκοπεῖν,</em></strong></span> <span class='ocrx_word' id='word_1_78' title='bbox 899 1085 1040 1143; x_wconf 80' lang='lat' dir='ltr'><em>quaerere</em></span> <span class='ocrx_word' id='word_1_79' title='bbox 1052 1062 1197 1137; x_wconf 68' lang='lat' dir='ltr'>vocalem,</span> <span class='ocrx_word' id='word_1_80' title='bbox 1219 1084 1279 1120; x_wconf 85' lang='lat' dir='ltr'>ea-</span> 
     </span>
    </p>
   </div>
   <div class='ocr_carea' id='block_1_6' title="bbox 182 1144 1279 1309">
    <p class='ocr_par' dir='ltr' id='par_1_6' title="bbox 182 1144 1279 1309">
     <span class='ocr_line' id='line_1_10' title="bbox 183 1144 1279 1235; baseline 0.002 -33"><span class='ocrx_word' id='word_1_81' title='bbox 183 1152 252 1202; x_wconf 75' lang='lat' dir='ltr'>ro&#39;re</span> <span class='ocrx_word' id='word_1_82' title='bbox 271 1157 306 1235; x_wconf 79' lang='grc' dir='ltr'>ιιι</span> <span class='ocrx_word' id='word_1_83' title='bbox 320 1146 435 1203; x_wconf 79' lang='lat' dir='ltr'>vocalia</span> <span class='ocrx_word' id='word_1_84' title='bbox 450 1146 592 1224; x_wconf 80' lang='lat' dir='ltr'><em>eligatur.</em></span> <span class='ocrx_word' id='word_1_85' title='bbox 623 1146 663 1205; x_wconf 86' lang='lat' dir='ltr'>De</span> <span class='ocrx_word' id='word_1_86' title='bbox 677 1146 765 1205; x_wconf 82' lang='lat' dir='ltr'>simili</span> <span class='ocrx_word' id='word_1_87' title='bbox 782 1167 836 1207; x_wconf 82' lang='lat' dir='ltr'>ueu</span> <span class='ocrx_word' id='word_1_88' title='bbox 851 1146 1012 1209; x_wconf 81' lang='lat' dir='ltr'>verborum</span> <span class='ocrx_word' id='word_1_89' title='bbox 1025 1147 1102 1210; x_wconf 80' lang='grc' dir='ltr'><strong><em>ἰδεῖν</em></strong></span> <span class='ocrx_word' id='word_1_90' title='bbox 1115 1155 1145 1207; x_wconf 85' lang='lat' dir='ltr'>et</span> <span class='ocrx_word' id='word_1_91' title='bbox 1159 1144 1233 1233; x_wconf 73' lang='lat' dir='ltr'>dpp‘e</span> <span class='ocrx_word' id='word_1_92' title='bbox 1247 1166 1279 1207; x_wconf 79' lang='lat' dir='ltr'>v.</span> 
     </span>
     <span class='ocr_line' id='line_1_11' title="bbox 182 1227 915 1309; baseline 0.003 -20"><span class='ocrx_word' id='word_1_93' title='bbox 182 1227 327 1289; x_wconf 75' lang='lat' dir='ltr'>Addeuda</span> <span class='ocrx_word' id='word_1_94' title='bbox 340 1230 377 1288; x_wconf 91' lang='lat' dir='ltr'>ad</span> <span class='ocrx_word' id='word_1_95' title='bbox 395 1228 532 1309; x_wconf 88' lang='lat' dir='ltr'>Sophocl.</span> <span class='ocrx_word' id='word_1_96' title='bbox 547 1229 628 1292; x_wconf 81' lang='lat' dir='ltr'>Aiac.</span> <span class='ocrx_word' id='word_1_97' title='bbox 647 1233 737 1297; x_wconf 85' lang='lat'><strong>1165.</strong></span> <span class='ocrx_word' id='word_1_98' title='bbox 759 1252 915 1293; x_wconf 80' lang='lat' dir='ltr'>ouuaaraa.</span> 
     </span>
    </p>
   </div>
   <div class='ocr_carea' id='block_1_7' title="bbox 100 1341 1285 2103">
    <p class='ocr_par' dir='ltr' id='par_1_7' title="bbox 100 1341 1285 2103">
     <span class='ocr_line' id='line_1_12' title="bbox 267 1341 1281 1432; baseline -0.005 -18"><span class='ocrx_word' id='word_1_99' title='bbox 267 1349 299 1408; x_wconf 84' lang='lat' dir='ltr'>P·</span> <span class='ocrx_word' id='word_1_100' title='bbox 315 1350 387 1414; x_wconf 83' lang='grc'><strong>449.</strong></span> <span class='ocrx_word' id='word_1_101' title='bbox 401 1368 430 1407; x_wconf 79' lang='lat' dir='ltr'>v·</span> <span class='ocrx_word' id='word_1_102' title='bbox 444 1352 495 1415; x_wconf 79' lang='lat'>28·</span> <span class='ocrx_word' id='word_1_103' title='bbox 517 1349 635 1410; x_wconf 80' lang='grc' dir='ltr'><strong><em>δίκαιον</em></strong></span> <span class='ocrx_word' id='word_1_104' title='bbox 648 1347 700 1410; x_wconf 81' lang='grc' dir='ltr'>καλ</span> <span class='ocrx_word' id='word_1_105' title='bbox 714 1342 854 1428; x_wconf 80' lang='grc' dir='ltr'><strong><em>φρόνημα</em></strong></span> <span class='ocrx_word' id='word_1_106' title='bbox 867 1341 978 1432; x_wconf 70' lang='grc' dir='ltr'><strong><em>ἔχονθ’]</em></strong></span> <span class='ocrx_word' id='word_1_107' title='bbox 994 1346 1166 1408; x_wconf 76' lang='lat' dir='ltr'>Antecedit:</span> <span class='ocrx_word' id='word_1_108' title='bbox 1188 1346 1215 1408; x_wconf 83' lang='lat' dir='ltr'>ei</span> <span class='ocrx_word' id='word_1_109' title='bbox 1230 1341 1281 1409; x_wconf 78' lang='lat' dir='ltr'>aii-</span> 
     </span>
     <span class='ocr_line' id='line_1_13' title="bbox 184 1420 1284 1512; baseline -0.003 -18"><span class='ocrx_word' id='word_1_110' title='bbox 184 1456 301 1511; x_wconf 84' lang='grc' dir='ltr'><strong><em>φωνος,</em></strong></span> <span class='ocrx_word' id='word_1_111' title='bbox 322 1438 452 1496; x_wconf 77' lang='grc' dir='ltr'>σκοπεῖν.</span> <span class='ocrx_word' id='word_1_112' title='bbox 469 1420 531 1491; x_wconf 81' lang='lat' dir='ltr'>llic</span> <span class='ocrx_word' id='word_1_113' title='bbox 546 1433 638 1510; x_wconf 78' lang='lat' dir='ltr'>igitur</span> <span class='ocrx_word' id='word_1_114' title='bbox 651 1434 872 1512; x_wconf 71' lang='lat' dir='ltr'>requirebatur:</span> <span class='ocrx_word' id='word_1_115' title='bbox 904 1432 931 1495; x_wconf 78' lang='lat' dir='ltr'>el</span> <span class='ocrx_word' id='word_1_116' title='bbox 945 1434 1061 1507; x_wconf 80' lang='grc' dir='ltr'><strong><em>δίκαιος</em></strong></span> <span class='ocrx_word' id='word_1_117' title='bbox 1073 1431 1125 1495; x_wconf 78' lang='grc' dir='ltr'>καὶ</span> <span class='ocrx_word' id='word_1_118' title='bbox 1139 1426 1284 1512; x_wconf 74' lang='grc' dir='ltr'><strong><em>φράνημα</em></strong></span> 
     </span>
     <span class='ocr_line' id='line_1_14' title="bbox 184 1510 1281 1597; baseline -0.001 -18"><span class='ocrx_word' id='word_1_119' title='bbox 184 1518 269 1597; x_wconf 60' lang='grc' dir='ltr'><strong><em>ἔχων.</em></strong></span> <span class='ocrx_word' id='word_1_120' title='bbox 298 1517 358 1576; x_wconf 74' lang='lat' dir='ltr'>Aut</span> <span class='ocrx_word' id='word_1_121' title='bbox 380 1517 474 1594; x_wconf 82' lang='lat' dir='ltr'>igitur</span> <span class='ocrx_word' id='word_1_122' title='bbox 489 1526 533 1577; x_wconf 83' lang='lat' dir='ltr'>eat</span> <span class='ocrx_word' id='word_1_123' title='bbox 555 1512 782 1592; x_wconf 70' lang='grc' dir='ltr'><strong><em>ἀνακόλουθον,</em></strong></span> <span class='ocrx_word' id='word_1_124' title='bbox 805 1517 1055 1577; x_wconf 80' lang='lat' dir='ltr'>autaddendum:</span> <span class='ocrx_word' id='word_1_125' title='bbox 1086 1511 1187 1578; x_wconf 77' lang='grc' dir='ltr'><strong><em>εἶναι</em></strong></span> <span class='ocrx_word' id='word_1_126' title='bbox 1210 1510 1281 1594; x_wconf 67' lang='grc' dir='ltr'>χοαὶ</span> 
     </span>
     <span class='ocr_line' id='line_1_15' title="bbox 100 1597 1281 1681; baseline -0.003 -17"><span class='ocrx_word' id='word_1_127' title='bbox 100 1607 103 1612; x_wconf 78' lang='grc'><strong>’</strong></span> <span class='ocrx_word' id='word_1_128' title='bbox 184 1604 303 1664; x_wconf 82' lang='grc' dir='ltr'><strong><em>δίκαιον</em></strong></span> <span class='ocrx_word' id='word_1_129' title='bbox 314 1601 370 1663; x_wconf 78' lang='grc' dir='ltr'><strong><em>καῖ,</em></strong></span> <span class='ocrx_word' id='word_1_130' title='bbox 381 1597 522 1680; x_wconf 80' lang='grc' dir='ltr'><strong><em>φράνημα</em></strong></span> <span class='ocrx_word' id='word_1_131' title='bbox 535 1601 642 1681; x_wconf 66' lang='grc' dir='ltr'><strong><em>ἔχειν.</em></strong></span> <span class='ocrx_word' id='word_1_132' title='bbox 661 1622 759 1660; x_wconf 81' lang='lat' dir='ltr'>wear.</span> <span class='ocrx_word' id='word_1_133' title='bbox 781 1602 989 1660; x_wconf 86' lang='lat' dir='ltr'>Praeoedantia</span> <span class='ocrx_word' id='word_1_134' title='bbox 1005 1601 1171 1679; x_wconf 82' lang='lat' dir='ltr'>portulant:</span> <span class='ocrx_word' id='word_1_135' title='bbox 1195 1600 1223 1661; x_wconf 81' lang='grc' dir='ltr'>ελ</span> <span class='ocrx_word' id='word_1_136' title='bbox 1236 1600 1281 1662; x_wconf 77' lang='grc' dir='ltr'><strong><em>δῖ-</em></strong></span> 
     </span>
     <span class='ocr_line' id='line_1_16' title="bbox 184 1680 1283 1764; baseline -0.005 -17"><span class='ocrx_word' id='word_1_137' title='bbox 184 1710 268 1758; x_wconf 85' lang='grc' dir='ltr'><strong><em>καιος</em></strong></span> <span class='ocrx_word' id='word_1_138' title='bbox 283 1685 333 1747; x_wconf 83' lang='grc' dir='ltr'>καλ</span> <span class='ocrx_word' id='word_1_139' title='bbox 347 1680 491 1764; x_wconf 82' lang='grc' dir='ltr'><strong><em>φρόνημα</em></strong></span> <span class='ocrx_word' id='word_1_140' title='bbox 501 1685 583 1764; x_wconf 71' lang='grc' dir='ltr'><strong><em>ἔχων.</em></strong></span> <span class='ocrx_word' id='word_1_141' title='bbox 605 1707 778 1744; x_wconf 73' lang='lat' dir='ltr'>mannaan.</span> <span class='ocrx_word' id='word_1_142' title='bbox 801 1687 895 1744; x_wconf 79' lang='lat' dir='ltr'>Aliter</span> <span class='ocrx_word' id='word_1_143' title='bbox 911 1685 964 1743; x_wconf 87' lang='lat' dir='ltr'>hae</span> <span class='ocrx_word' id='word_1_144' title='bbox 979 1705 1069 1761; x_wconf 82' lang='lat' dir='ltr'>rugae</span> <span class='ocrx_word' id='word_1_145' title='bbox 1083 1684 1283 1762; x_wconf 86' lang='lat' dir='ltr'>complanan-</span> 
     </span>
     <span class='ocr_line' id='line_1_17' title="bbox 184 1763 1281 1850; baseline -0.005 -21"><span class='ocrx_word' id='word_1_146' title='bbox 184 1780 236 1841; x_wconf 83' lang='lat' dir='ltr'>tur</span> <span class='ocrx_word' id='word_1_147' title='bbox 247 1770 279 1828; x_wconf 92' lang='lat' dir='ltr'>in</span> <span class='ocrx_word' id='word_1_148' title='bbox 293 1771 424 1847; x_wconf 78' lang='lat' dir='ltr'>margine</span> <span class='ocrx_word' id='word_1_149' title='bbox 440 1769 529 1829; x_wconf 81' lang='lat' dir='ltr'>Paria.</span> <span class='ocrx_word' id='word_1_150' title='bbox 547 1770 604 1850; x_wconf 92' lang='lat' dir='ltr'>(ita</span> <span class='ocrx_word' id='word_1_151' title='bbox 622 1771 687 1829; x_wconf 90' lang='lat' dir='ltr'>ltai.</span> <span class='ocrx_word' id='word_1_152' title='bbox 703 1771 807 1845; x_wconf 91' lang='lat' dir='ltr'>etiam,</span> <span class='ocrx_word' id='word_1_153' title='bbox 830 1771 939 1849; x_wconf 85' lang='lat' dir='ltr'>Obaop.</span> <span class='ocrx_word' id='word_1_154' title='bbox 957 1779 988 1828; x_wconf 84' lang='lat' dir='ltr'>et</span> <span class='ocrx_word' id='word_1_155' title='bbox 1002 1769 1094 1827; x_wconf 86' lang='lat' dir='ltr'>editio</span> <span class='ocrx_word' id='word_1_156' title='bbox 1113 1763 1281 1845; x_wconf 87' lang='lat' dir='ltr'>Feliciani),</span> 
     </span>
     <span class='ocr_line' id='line_1_18' title="bbox 184 1849 1285 1935; baseline -0.002 -20"><span class='ocrx_word' id='word_1_157' title='bbox 184 1855 237 1915; x_wconf 90' lang='lat' dir='ltr'>ubi</span> <span class='ocrx_word' id='word_1_158' title='bbox 251 1878 294 1935; x_wconf 79' lang='grc' dir='ltr'>μρ.</span> <span class='ocrx_word' id='word_1_159' title='bbox 311 1849 427 1934; x_wconf 79' lang='grc' dir='ltr'><strong><em>κήρυκα</em></strong></span> <span class='ocrx_word' id='word_1_160' title='bbox 442 1883 485 1900; x_wconf 88' lang='lat'>-</span> <span class='ocrx_word' id='word_1_161' title='bbox 507 1850 693 1930; x_wconf 70' lang='grc' dir='ltr'><strong><em>εὔφωνον</em></strong></span> <span class='ocrx_word' id='word_1_162' title='bbox 715 1861 845 1917; x_wconf 89' lang='grc' dir='ltr'><strong><em>σκοπεῖν.</em></strong></span> <span class='ocrx_word' id='word_1_163' title='bbox 875 1854 970 1912; x_wconf 77' lang='lat' dir='ltr'>Aliter</span> <span class='ocrx_word' id='word_1_164' title='bbox 986 1853 1115 1931; x_wconf 85' lang='lat' dir='ltr'>danique</span> <span class='ocrx_word' id='word_1_165' title='bbox 1130 1853 1201 1910; x_wconf 88' lang='lat' dir='ltr'>Cod.</span> <span class='ocrx_word' id='word_1_166' title='bbox 1218 1851 1285 1913; x_wconf 85' lang='lat' dir='ltr'>MS..</span> 
     </span>
     <span class='ocr_line' id='line_1_19' title="bbox 185 1936 1281 2018; baseline -0.003 -22"><span class='ocrx_word' id='word_1_167' title='bbox 185 1941 223 2015; x_wconf 86' lang='grc' dir='ltr'>δ.,</span> <span class='ocrx_word' id='word_1_168' title='bbox 243 1939 296 2015; x_wconf 89' lang='lat' dir='ltr'>qui</span> <span class='ocrx_word' id='word_1_169' title='bbox 312 1960 368 2018; x_wconf 90' lang='lat' dir='ltr'>pro</span> <span class='ocrx_word' id='word_1_170' title='bbox 382 1936 485 2017; x_wconf 66' lang='grc' dir='ltr'><strong><em>ἔχοντα</em></strong></span> <span class='ocrx_word' id='word_1_171' title='bbox 498 1936 586 1997; x_wconf 90' lang='lat' dir='ltr'>babet</span> <span class='ocrx_word' id='word_1_172' title='bbox 603 1938 687 2017; x_wconf 74' lang='grc' dir='ltr'><strong><em>ἔχειν.</em></strong></span> <span class='ocrx_word' id='word_1_173' title='bbox 709 1940 799 2012; x_wconf 91' lang='lat' dir='ltr'>Quod</span> <span class='ocrx_word' id='word_1_174' title='bbox 814 1941 938 2013; x_wconf 72' lang='lat' dir='ltr'>sumasne</span> <span class='ocrx_word' id='word_1_175' title='bbox 951 1947 993 1998; x_wconf 84' lang='lat' dir='ltr'>eat</span> <span class='ocrx_word' id='word_1_176' title='bbox 1006 1957 1054 1998; x_wconf 85' lang='lat' dir='ltr'>rea</span> <span class='ocrx_word' id='word_1_177' title='bbox 1066 1937 1227 2016; x_wconf 71' lang='lat' dir='ltr'>ipsissima:</span> <span class='ocrx_word' id='word_1_178' title='bbox 1240 1968 1281 1981; x_wconf 86' lang='lat'>-</span> 
     </span>
     <span class='ocr_line' id='line_1_20' title="bbox 185 2017 1284 2103; baseline -0.001 -19"><span class='ocrx_word' id='word_1_179' title='bbox 185 2026 246 2098; x_wconf 91' lang='grc' dir='ltr'><strong><em>δεῖ,</em></strong></span> <span class='ocrx_word' id='word_1_180' title='bbox 267 2019 384 2102; x_wconf 80' lang='grc' dir='ltr'><strong><em>κήρυκα</em></strong></span> <span class='ocrx_word' id='word_1_181' title='bbox 404 2021 457 2101; x_wconf 71' lang='grc' dir='ltr'>μὲν</span> <span class='ocrx_word' id='word_1_182' title='bbox 478 2017 517 2084; x_wconf 77' lang='lat' dir='ltr'>dv</span> <span class='ocrx_word' id='word_1_183' title='bbox 541 2019 730 2103; x_wconf 84' lang='grc' dir='ltr'><strong><em>δοκιμάζητε,</em></strong></span> <span class='ocrx_word' id='word_1_184' title='bbox 753 2024 781 2085; x_wconf 76' lang='grc' dir='ltr'>εἰ</span> <span class='ocrx_word' id='word_1_185' title='bbox 796 2020 950 2098; x_wconf 80' lang='grc' dir='ltr'><strong><em>εὔφωνος,</em></strong></span> <span class='ocrx_word' id='word_1_186' title='bbox 970 2027 1108 2095; x_wconf 77' lang='grc' dir='ltr'><strong><em>σκοπεῖν·</em></strong></span> <span class='ocrx_word' id='word_1_187' title='bbox 1137 2022 1284 2101; x_wconf 72' lang='grc' dir='ltr'><strong><em>πρεσβευ-</em></strong></span> 
     </span>
    </p>
   </div>
   <div class='ocr_carea' id='block_1_8' title="bbox 87 2099 1280 2189">
    <p class='ocr_par' dir='ltr' id='par_1_8' title="bbox 87 2099 1280 2189">
     <span class='ocr_line' id='line_1_21' title="bbox 87 2099 1280 2189; baseline -0.003 -20"><span class='ocrx_word' id='word_1_188' title='bbox 87 2180 90 2189; x_wconf 23' lang='grc'>1</span> <span class='ocrx_word' id='word_1_189' title='bbox 183 2104 241 2188; x_wconf 70' lang='grc' dir='ltr'>κήν</span> <span class='ocrx_word' id='word_1_190' title='bbox 261 2104 294 2168; x_wconf 73' lang='grc' dir='ltr'>δὲ</span> <span class='ocrx_word' id='word_1_191' title='bbox 318 2105 368 2169; x_wconf 85' lang='grc' dir='ltr'>καλ</span> <span class='ocrx_word' id='word_1_192' title='bbox 390 2111 450 2168; x_wconf 80' lang='grc' dir='ltr'><strong><em>τοῖν</em></strong></span> <span class='ocrx_word' id='word_1_193' title='bbox 474 2112 585 2169; x_wconf 79' lang='grc' dir='ltr'><strong><em>κοινῶν</em></strong></span> <span class='ocrx_word' id='word_1_194' title='bbox 604 2100 745 2183; x_wconf 62' lang='lat' dir='ltr'>dirotini</span> <span class='ocrx_word' id='word_1_195' title='bbox 762 2132 791 2169; x_wconf 85' lang='grc' dir='ltr'>τι</span> <span class='ocrx_word' id='word_1_196' title='bbox 805 2102 960 2188; x_wconf 76' lang='grc' dir='ltr'><strong><em>πράττειν,</em></strong></span> <span class='ocrx_word' id='word_1_197' title='bbox 983 2107 1101 2168; x_wconf 78' lang='grc' dir='ltr'><strong><em>δίκαιον</em></strong></span> <span class='ocrx_word' id='word_1_198' title='bbox 1121 2103 1160 2186; x_wconf 92' lang='lat' dir='ltr'>(i.</span> <span class='ocrx_word' id='word_1_199' title='bbox 1174 2124 1200 2163; x_wconf 87' lang='grc' dir='ltr'>ε.</span> <span class='ocrx_word' id='word_1_200' title='bbox 1216 2099 1280 2182; x_wconf 88' lang='grc' dir='ltr'><strong><em>δεῖ)</em></strong></span> 
     </span>
    </p>
   </div>
   <div class='ocr_carea' id='block_1_9' title="bbox 138 2185 1283 2776">
    <p class='ocr_par' dir='ltr' id='par_1_9' title="bbox 138 2185 1283 2776">
     <span class='ocr_line' id='line_1_22' title="bbox 184 2185 1283 2277; baseline -0.005 -23"><span class='ocrx_word' id='word_1_201' title='bbox 184 2185 393 2277; x_wconf 36' lang='grc' dir='ltr'><strong><em>καληφράνημα</em></strong></span> <span class='ocrx_word' id='word_1_202' title='bbox 407 2191 491 2271; x_wconf 75' lang='grc' dir='ltr'><strong><em>ἔχειν.</em></strong></span> <span class='ocrx_word' id='word_1_203' title='bbox 513 2209 642 2251; x_wconf 71' lang='lat' dir='ltr'>airaon.</span> <span class='ocrx_word' id='word_1_204' title='bbox 666 2191 752 2265; x_wconf 87' lang='lat' dir='ltr'>Quod</span> <span class='ocrx_word' id='word_1_205' title='bbox 766 2192 856 2250; x_wconf 86' lang='lat' dir='ltr'>Paris.</span> <span class='ocrx_word' id='word_1_206' title='bbox 870 2200 994 2270; x_wconf 80' lang='lat' dir='ltr'>quartur</span> <span class='ocrx_word' id='word_1_207' title='bbox 1008 2211 1063 2270; x_wconf 90' lang='lat' dir='ltr'>pro</span> <span class='ocrx_word' id='word_1_208' title='bbox 1075 2188 1159 2267; x_wconf 72' lang='lat' dir='ltr'>vulg.</span> <span class='ocrx_word' id='word_1_209' title='bbox 1177 2187 1283 2267; x_wconf 73' lang='grc' dir='ltr'><strong><em>ἔχοντα</em></strong></span> 
     </span>
     <span class='ocr_line' id='line_1_23' title="bbox 183 2268 1281 2356; baseline -0.005 -21"><span class='ocrx_word' id='word_1_210' title='bbox 183 2274 272 2335; x_wconf 88' lang='lat' dir='ltr'>babet</span> <span class='ocrx_word' id='word_1_211' title='bbox 299 2275 392 2354; x_wconf 74' lang='grc' dir='ltr'><strong><em>ἔχειν,</em></strong></span> <span class='ocrx_word' id='word_1_212' title='bbox 412 2276 534 2334; x_wconf 87' lang='lat' dir='ltr'>videtur</span> <span class='ocrx_word' id='word_1_213' title='bbox 555 2276 685 2336; x_wconf 77' lang='lat' dir='ltr'>voluisse</span> <span class='ocrx_word' id='word_1_214' title='bbox 706 2276 733 2337; x_wconf 79' lang='grc' dir='ltr'>εῖ</span> <span class='ocrx_word' id='word_1_215' title='bbox 755 2276 820 2356; x_wconf 81' lang='grc' dir='ltr'><strong><em>ἔχει.</em></strong></span> <span class='ocrx_word' id='word_1_216' title='bbox 848 2276 923 2334; x_wconf 78' lang='lat' dir='ltr'>Nam</span> <span class='ocrx_word' id='word_1_217' title='bbox 936 2274 1080 2353; x_wconf 83' lang='lat' dir='ltr'>Taylorua</span> <span class='ocrx_word' id='word_1_218' title='bbox 1100 2272 1192 2333; x_wconf 83' lang='lat' dir='ltr'>huius</span> <span class='ocrx_word' id='word_1_219' title='bbox 1209 2268 1281 2330; x_wconf 87' lang='lat' dir='ltr'>God.</span> 
     </span>
     <span class='ocr_line' id='line_1_24' title="bbox 185 2355 1282 2440; baseline -0.005 -21"><span class='ocrx_word' id='word_1_220' title='bbox 185 2360 364 2440; x_wconf 77' lang='lat' dir='ltr'>scripturam</span> <span class='ocrx_word' id='word_1_221' title='bbox 382 2360 512 2438; x_wconf 77' lang='lat' dir='ltr'>probans</span> <span class='ocrx_word' id='word_1_222' title='bbox 528 2381 588 2418; x_wconf 90' lang='lat' dir='ltr'>non</span> <span class='ocrx_word' id='word_1_223' title='bbox 602 2360 829 2434; x_wconf 77' lang='lat' dir='ltr'>recordabatur,</span> <span class='ocrx_word' id='word_1_224' title='bbox 847 2359 960 2438; x_wconf 88' lang='lat' dir='ltr'>quoda</span> <span class='ocrx_word' id='word_1_225' title='bbox 972 2357 1081 2417; x_wconf 79' lang='lat' dir='ltr'>Wolfio</span> <span class='ocrx_word' id='word_1_226' title='bbox 1096 2355 1212 2417; x_wconf 86' lang='lat' dir='ltr'>diacere</span> <span class='ocrx_word' id='word_1_227' title='bbox 1223 2376 1282 2436; x_wconf 88' lang='lat' dir='ltr'>po-</span> 
     </span>
     <span class='ocr_line' id='line_1_25' title="bbox 184 2436 1282 2522; baseline -0.005 -18"><span class='ocrx_word' id='word_1_228' title='bbox 184 2454 298 2519; x_wconf 79' lang='lat' dir='ltr'>tuerat,</span> <span class='ocrx_word' id='word_1_229' title='bbox 315 2444 475 2503; x_wconf 87' lang='lat' dir='ltr'>dicendum</span> <span class='ocrx_word' id='word_1_230' title='bbox 490 2455 553 2504; x_wconf 89' lang='lat' dir='ltr'>tum</span> <span class='ocrx_word' id='word_1_231' title='bbox 571 2445 661 2505; x_wconf 73' lang='lat' dir='ltr'>tuisse</span> <span class='ocrx_word' id='word_1_232' title='bbox 674 2447 790 2507; x_wconf 75' lang='grc' dir='ltr'><strong><em>δίκαιον</em></strong></span> <span class='ocrx_word' id='word_1_233' title='bbox 807 2440 884 2507; x_wconf 78' lang='grc' dir='ltr'><strong><em>εἶναι</em></strong></span> <span class='ocrx_word' id='word_1_234' title='bbox 900 2442 951 2505; x_wconf 78' lang='grc' dir='ltr'>καλ</span> <span class='ocrx_word' id='word_1_235' title='bbox 967 2436 1111 2522; x_wconf 80' lang='grc' dir='ltr'><strong><em>φρόνημα</em></strong></span> <span class='ocrx_word' id='word_1_236' title='bbox 1126 2441 1211 2521; x_wconf 73' lang='grc' dir='ltr'><strong><em>ἔχειν.</em></strong></span> <span class='ocrx_word' id='word_1_237' title='bbox 1235 2438 1282 2499; x_wconf 75' lang='lat' dir='ltr'>dd</span> 
     </span>
     <span class='ocr_line' id='line_1_26' title="bbox 184 2526 1282 2608; baseline -0.008 -17"><span class='ocrx_word' id='word_1_238' title='bbox 184 2526 302 2591; x_wconf 78' lang='grc' dir='ltr'><strong><em>δίκαιόν</em></strong></span> <span class='ocrx_word' id='word_1_239' title='bbox 326 2528 449 2587; x_wconf 77' lang='lat' dir='ltr'>subaud.</span> <span class='ocrx_word' id='word_1_240' title='bbox 472 2550 533 2587; x_wconf 87' lang='lat' dir='ltr'>non</span> <span class='ocrx_word' id='word_1_241' title='bbox 549 2530 607 2587; x_wconf 90' lang='lat' dir='ltr'>iam</span> <span class='ocrx_word' id='word_1_242' title='bbox 625 2536 764 2606; x_wconf 84' lang='grc' dir='ltr'><strong><em>σκοπεῖν,</em></strong></span> <span class='ocrx_word' id='word_1_243' title='bbox 786 2549 941 2608; x_wconf 82' lang='lat' dir='ltr'>quaerere,</span> <span class='ocrx_word' id='word_1_244' title='bbox 963 2529 1125 2600; x_wconf 69' lang='lat' dir='ltr'>noscitare,</span> <span class='ocrx_word' id='word_1_245' title='bbox 1148 2527 1282 2597; x_wconf 44' lang='lat' dir='ltr'>circum}</span> 
     </span>
     <span class='ocr_line' id='line_1_27' title="bbox 185 2608 1282 2694; baseline -0.005 -23"><span class='ocrx_word' id='word_1_246' title='bbox 185 2616 309 2693; x_wconf 73' lang='lat' dir='ltr'>spicere,</span> <span class='ocrx_word' id='word_1_247' title='bbox 340 2614 392 2671; x_wconf 86' lang='lat' dir='ltr'>sed</span> <span class='ocrx_word' id='word_1_248' title='bbox 413 2610 599 2694; x_wconf 78' lang='grc' dir='ltr'><strong><em>δοκιμάζειν,</em></strong></span> <span class='ocrx_word' id='word_1_249' title='bbox 622 2613 762 2694; x_wconf 81' lang='lat' dir='ltr'>deligere,</span> <span class='ocrx_word' id='word_1_250' title='bbox 782 2613 920 2692; x_wconf 79' lang='lat' dir='ltr'>probare.</span> <span class='ocrx_word' id='word_1_251' title='bbox 947 2611 1027 2671; x_wconf 77' lang='lat' dir='ltr'>Aliae</span> <span class='ocrx_word' id='word_1_252' title='bbox 1049 2611 1156 2689; x_wconf 88' lang='lat' dir='ltr'>utique</span> <span class='ocrx_word' id='word_1_253' title='bbox 1181 2608 1282 2667; x_wconf 87' lang='lat' dir='ltr'>malim</span> 
     </span>
     <span class='ocr_line' id='line_1_28' title="bbox 138 2692 1279 2776; baseline -0.011 -15"><span class='ocrx_word' id='word_1_254' title='bbox 138 2750 145 2761; x_wconf 83' lang='grc'>.</span> <span class='ocrx_word' id='word_1_255' title='bbox 186 2720 253 2757; x_wconf 90' lang='lat' dir='ltr'>cum</span> <span class='ocrx_word' id='word_1_256' title='bbox 269 2700 438 2773; x_wconf 72' lang='lat' dir='ltr'>Augustano</span> <span class='ocrx_word' id='word_1_257' title='bbox 454 2699 510 2776; x_wconf 85' lang='lat' dir='ltr'>legi</span> <span class='ocrx_word' id='word_1_258' title='bbox 527 2695 667 2775; x_wconf 79' lang='grc' dir='ltr'><strong><em>εὔφωνον</em></strong></span> <span class='ocrx_word' id='word_1_259' title='bbox 682 2700 713 2756; x_wconf 91' lang='lat' dir='ltr'>in</span> <span class='ocrx_word' id='word_1_260' title='bbox 728 2697 896 2757; x_wconf 77' lang='lat' dir='ltr'>accusativo</span> <span class='ocrx_word' id='word_1_261' title='bbox 915 2706 946 2755; x_wconf 89' lang='lat' dir='ltr'>et</span> <span class='ocrx_word' id='word_1_262' title='bbox 960 2697 1022 2755; x_wconf 81' lang='lat' dir='ltr'>aiae</span> <span class='ocrx_word' id='word_1_263' title='bbox 1044 2696 1078 2756; x_wconf 81' lang='lat' dir='ltr'>el.</span> <span class='ocrx_word' id='word_1_264' title='bbox 1098 2695 1174 2753; x_wconf 82' lang='lat' dir='ltr'>Nam</span> <span class='ocrx_word' id='word_1_265' title='bbox 1189 2692 1213 2751; x_wconf 88' lang='lat' dir='ltr'>ai</span> <span class='ocrx_word' id='word_1_266' title='bbox 1231 2692 1279 2749; x_wconf 89' lang='lat' dir='ltr'>di-</span> 
     </span>
    </p>
   </div>
   <div class='ocr_carea' id='block_1_10' title="bbox 94 2777 1280 2862">
    <p class='ocr_par' dir='ltr' id='par_1_10' title="bbox 94 2777 1280 2862">
     <span class='ocr_line' id='line_1_29' title="bbox 94 2777 1280 2862; baseline -0.01 -19"><span class='ocrx_word' id='word_1_267' title='bbox 94 2842 99 2861; x_wconf 71' lang='lat'>‚</span> <span class='ocrx_word' id='word_1_268' title='bbox 129 2829 132 2834; x_wconf 86' lang='grc'>-</span> <span class='ocrx_word' id='word_1_269' title='bbox 184 2804 253 2843; x_wconf 89' lang='lat' dir='ltr'>cere</span> <span class='ocrx_word' id='word_1_270' title='bbox 267 2782 338 2841; x_wconf 88' lang='lat' dir='ltr'>lieet</span> <span class='ocrx_word' id='word_1_271' title='bbox 353 2788 477 2859; x_wconf 80' lang='grc' dir='ltr'><strong><em>σκοπεῖν</em></strong></span> <span class='ocrx_word' id='word_1_272' title='bbox 492 2780 676 2862; x_wconf 63' lang='grc' dir='ltr'><strong><em>πρεσβευτήν</em></strong></span> <span class='ocrx_word' id='word_1_273' title='bbox 690 2785 824 2857; x_wconf 75' lang='grc' dir='ltr'><strong><em>δίκαιον,</em></strong></span> <span class='ocrx_word' id='word_1_274' title='bbox 845 2784 1012 2860; x_wconf 76' lang='lat' dir='ltr'>explorare,</span> <span class='ocrx_word' id='word_1_275' title='bbox 1032 2802 1107 2839; x_wconf 84' lang='lat' dir='ltr'>num</span> <span class='ocrx_word' id='word_1_276' title='bbox 1121 2781 1189 2859; x_wconf 78' lang='lat' dir='ltr'>quie</span> <span class='ocrx_word' id='word_1_277' title='bbox 1202 2777 1280 2833; x_wconf 81' lang='lat' dir='ltr'>iuati</span> 
     </span>
    </p>
   </div>
   <div class='ocr_carea' id='block_1_11' title="bbox 117 2864 1286 3037">
    <p class='ocr_par' dir='ltr' id='par_1_11' title="bbox 117 2864 1286 3037">
     <span class='ocr_line' id='line_1_30' title="bbox 117 2864 1283 2947; baseline -0.003 -21"><span class='ocrx_word' id='word_1_278' title='bbox 117 2930 120 2935; x_wconf 64' lang='grc'><strong><em>,</em></strong></span> <span class='ocrx_word' id='word_1_279' title='bbox 186 2880 213 2926; x_wconf 86' lang='lat' dir='ltr'>et</span> <span class='ocrx_word' id='word_1_280' title='bbox 228 2870 303 2925; x_wconf 79' lang='lat' dir='ltr'>ree-ti</span> <span class='ocrx_word' id='word_1_281' title='bbox 315 2878 404 2925; x_wconf 73' lang='lat' dir='ltr'>tenax</span> <span class='ocrx_word' id='word_1_282' title='bbox 420 2869 461 2923; x_wconf 82' lang='lat' dir='ltr'>ait</span> <span class='ocrx_word' id='word_1_283' title='bbox 476 2868 609 2947; x_wconf 80' lang='lat' dir='ltr'>legatae,</span> <span class='ocrx_word' id='word_1_284' title='bbox 631 2867 790 2939; x_wconf 85' lang='lat' dir='ltr'>nilvideo,</span> <span class='ocrx_word' id='word_1_285' title='bbox 815 2885 869 2923; x_wconf 86' lang='lat' dir='ltr'>cur</span> <span class='ocrx_word' id='word_1_286' title='bbox 882 2865 980 2925; x_wconf 81' lang='lat' dir='ltr'>minua</span> <span class='ocrx_word' id='word_1_287' title='bbox 996 2864 1084 2923; x_wconf 86' lang='lat' dir='ltr'>liceat</span> <span class='ocrx_word' id='word_1_288' title='bbox 1101 2864 1199 2923; x_wconf 83' lang='lat' dir='ltr'>dicere</span> <span class='ocrx_word' id='word_1_289' title='bbox 1215 2879 1283 2923; x_wconf 70' lang='lat' dir='ltr'>aaa·</span> 
     </span>
     <span class='ocr_line' id='line_1_31' title="bbox 185 2944 1286 3037; baseline -0.008 -23"><span class='ocrx_word' id='word_1_290' title='bbox 185 2959 259 3037; x_wconf 24' lang='grc' dir='ltr'><strong><em>πεῖν,</em></strong></span> <span class='ocrx_word' id='word_1_291' title='bbox 276 2944 393 3031; x_wconf 79' lang='grc' dir='ltr'><strong><em>κήρυκα</em></strong></span> <span class='ocrx_word' id='word_1_292' title='bbox 418 2948 572 3027; x_wconf 79' lang='grc' dir='ltr'><strong><em>εὔφωνον,</em></strong></span> <span class='ocrx_word' id='word_1_293' title='bbox 593 2972 668 3009; x_wconf 85' lang='lat' dir='ltr'>nam</span> <span class='ocrx_word' id='word_1_294' title='bbox 685 2953 891 3030; x_wconf 57' lang='lat' dir='ltr'>praecoquis</span> <span class='ocrx_word' id='word_1_295' title='bbox 914 2950 1029 3009; x_wconf 78' lang='lat' dir='ltr'>vocalia</span> <span class='ocrx_word' id='word_1_296' title='bbox 1051 2951 1102 3008; x_wconf 84' lang='lat' dir='ltr'>ait.</span> <span class='ocrx_word' id='word_1_297' title='bbox 1123 2968 1214 3007; x_wconf 63' lang='lat' dir='ltr'>aaran</span> <span class='ocrx_word' id='word_1_298' title='bbox 1242 2944 1286 3005; x_wconf 80' lang='lat' dir='ltr'>Hi</span> 
     </span>
    </p>
   </div>
   <div class='ocr_carea' id='block_1_12' title="bbox 66 3035 1102 3117">
    <p class='ocr_par' dir='ltr' id='par_1_12' title="bbox 66 3035 1102 3117">
     <span class='ocr_line' id='line_1_32' title="bbox 66 3035 1102 3117; baseline 0.002 -26"><span class='ocrx_word' id='word_1_299' title='bbox 66 3086 69 3091; x_wconf 87' lang='lat'><strong>.</strong></span> <span class='ocrx_word' id='word_1_300' title='bbox 187 3056 307 3117; x_wconf 86' lang='lat' dir='ltr'>quoque</span> <span class='ocrx_word' id='word_1_301' title='bbox 321 3036 483 3095; x_wconf 84' lang='lat' dir='ltr'>accusativi</span> <span class='ocrx_word' id='word_1_302' title='bbox 500 3046 674 3116; x_wconf 82' lang='lat' dir='ltr'>regnatura</span> <span class='ocrx_word' id='word_1_303' title='bbox 691 3035 781 3094; x_wconf 88' lang='lat' dir='ltr'>verbo</span> <span class='ocrx_word' id='word_1_304' title='bbox 797 3039 928 3096; x_wconf 86' lang='grc' dir='ltr'><strong><em>σκοπεῖν.</em></strong></span> <span class='ocrx_word' id='word_1_305' title='bbox 950 3056 1102 3093; x_wconf 75' lang='lat' dir='ltr'>enumera.</span> 
     </span>
    </p>
   </div>
   <div class='ocr_carea' id='block_1_13' title="bbox 271 3146 1137 3236">
    <p class='ocr_par' dir='ltr' id='par_1_13' title="bbox 271 3146 1137 3236">
     <span class='ocr_line' id='line_1_33' title="bbox 271 3146 1137 3236; baseline -0.005 -21"><span class='ocrx_word' id='word_1_306' title='bbox 271 3157 304 3215; x_wconf 90' lang='grc' dir='ltr'>Ρ.</span> <span class='ocrx_word' id='word_1_307' title='bbox 319 3158 390 3220; x_wconf 85' lang='grc'><strong>449.</strong></span> <span class='ocrx_word' id='word_1_308' title='bbox 406 3175 436 3213; x_wconf 87' lang='lat' dir='ltr'>v.</span> <span class='ocrx_word' id='word_1_309' title='bbox 450 3161 502 3233; x_wconf 78' lang='lat'>28.</span> <span class='ocrx_word' id='word_1_310' title='bbox 523 3149 680 3236; x_wconf 78' lang='grc' dir='ltr'><strong><em>φρόνημα]</em></strong></span> <span class='ocrx_word' id='word_1_311' title='bbox 697 3146 828 3234; x_wconf 78' lang='grc' dir='ltr'><strong><em>φρόνημ’</em></strong></span> <span class='ocrx_word' id='word_1_312' title='bbox 840 3152 966 3213; x_wconf 81' lang='lat' dir='ltr'>Belaker.</span> <span class='ocrx_word' id='word_1_313' title='bbox 988 3173 1137 3211; x_wconf 74' lang='lat' dir='ltr'>rounam.</span> 
     </span>
    </p>
   </div>
   <div class='ocr_carea' id='block_1_14' title="bbox 114 3265 1314 4369">
    <p class='ocr_par' dir='ltr' id='par_1_14' title="bbox 114 3265 1314 4369">
     <span class='ocr_line' id='line_1_34' title="bbox 271 3265 1287 3351; baseline -0.001 -19"><span class='ocrx_word' id='word_1_314' title='bbox 271 3274 302 3334; x_wconf 87' lang='lat' dir='ltr'>P.</span> <span class='ocrx_word' id='word_1_315' title='bbox 318 3277 388 3339; x_wconf 82' lang='lat'><strong>450.</strong></span> <span class='ocrx_word' id='word_1_316' title='bbox 404 3293 433 3334; x_wconf 76' lang='grc' dir='ltr'><strong>ν.</strong></span> <span class='ocrx_word' id='word_1_317' title='bbox 450 3280 477 3337; x_wconf 84' lang='lat' dir='ltr'>l·</span> <span class='ocrx_word' id='word_1_318' title='bbox 499 3268 679 3351; x_wconf 71' lang='grc' dir='ltr'><strong><em>θαυμάσεις]</em></strong></span> <span class='ocrx_word' id='word_1_319' title='bbox 696 3272 727 3330; x_wconf 82' lang='lat' dir='ltr'>F.</span> <span class='ocrx_word' id='word_1_320' title='bbox 741 3265 936 3350; x_wconf 75' lang='grc' dir='ltr'><strong><em>Ἀθηναίους,</em></strong></span> <span class='ocrx_word' id='word_1_321' title='bbox 958 3273 1009 3332; x_wconf 82' lang='lat' dir='ltr'>cai</span> <span class='ocrx_word' id='word_1_322' title='bbox 1022 3271 1183 3351; x_wconf 72' lang='lat' dir='ltr'>respondet</span> <span class='ocrx_word' id='word_1_323' title='bbox 1197 3267 1287 3349; x_wconf 70' lang='lat' dir='ltr'>ipae</span> 
     </span>
     <span class='ocr_line' id='line_1_35' title="bbox 186 3355 1284 3436; baseline -0.005 -18"><span class='ocrx_word' id='word_1_324' title='bbox 186 3359 219 3418; x_wconf 83' lang='lat' dir='ltr'>in</span> <span class='ocrx_word' id='word_1_325' title='bbox 235 3358 329 3416; x_wconf 88' lang='lat' dir='ltr'>altero</span> <span class='ocrx_word' id='word_1_326' title='bbox 347 3359 479 3419; x_wconf 85' lang='lat' dir='ltr'>membro</span> <span class='ocrx_word' id='word_1_327' title='bbox 496 3358 664 3416; x_wconf 75' lang='lat' dir='ltr'>sententiae.</span> <span class='ocrx_word' id='word_1_328' title='bbox 674 3356 740 3415; x_wconf 87' lang='lat' dir='ltr'>Vid.</span> <span class='ocrx_word' id='word_1_329' title='bbox 749 3356 908 3416; x_wconf 71' lang='lat' dir='ltr'>Aeschines</span> <span class='ocrx_word' id='word_1_330' title='bbox 917 3377 950 3436; x_wconf 86' lang='lat' dir='ltr'>p.</span> <span class='ocrx_word' id='word_1_331' title='bbox 959 3363 1031 3422; x_wconf 77' lang='lat'>274.</span> <span class='ocrx_word' id='word_1_332' title='bbox 1052 3355 1284 3415; x_wconf 78' lang='lat' dir='ltr'>Niaide&#39;lendunt</span> 
     </span>
     <span class='ocr_line' id='line_1_36' title="bbox 114 3435 1286 3522; baseline -0.002 -21"><span class='ocrx_word' id='word_1_333' title='bbox 114 3454 117 3459; x_wconf 60' lang='lat'><strong>⁴</strong></span> <span class='ocrx_word' id='word_1_334' title='bbox 188 3444 227 3502; x_wconf 84' lang='lat' dir='ltr'>ait</span> <span class='ocrx_word' id='word_1_335' title='bbox 249 3438 412 3522; x_wconf 82' lang='grc' dir='ltr'><strong><em>θαυμάσας</em></strong></span> <span class='ocrx_word' id='word_1_336' title='bbox 436 3453 537 3502; x_wconf 87' lang='lat' dir='ltr'>ortum</span> <span class='ocrx_word' id='word_1_337' title='bbox 559 3462 597 3500; x_wconf 84' lang='lat' dir='ltr'>ex</span> <span class='ocrx_word' id='word_1_338' title='bbox 615 3435 789 3520; x_wconf 73' lang='grc' dir='ltr'><strong><em>ἐθαύμασα,</em></strong></span> <span class='ocrx_word' id='word_1_339' title='bbox 811 3442 893 3519; x_wconf 91' lang='lat' dir='ltr'>quod</span> <span class='ocrx_word' id='word_1_340' title='bbox 914 3445 1003 3520; x_wconf 14' lang='lat' dir='ltr'>mondo</span> <span class='ocrx_word' id='word_1_341' title='bbox 1024 3442 1056 3499; x_wconf 89' lang='lat' dir='ltr'>in</span> <span class='ocrx_word' id='word_1_342' title='bbox 1073 3441 1176 3499; x_wconf 87' lang='lat' dir='ltr'>eodem</span> <span class='ocrx_word' id='word_1_343' title='bbox 1195 3456 1286 3499; x_wconf 75' lang='lat' dir='ltr'>verca</span> 
     </span>
     <span class='ocr_line' id='line_1_37' title="bbox 187 3520 1285 3608; baseline -0.005 -22"><span class='ocrx_word' id='word_1_344' title='bbox 187 3528 348 3608; x_wconf 87' lang='lat' dir='ltr'>praecedit.</span> <span class='ocrx_word' id='word_1_345' title='bbox 369 3548 542 3586; x_wconf 72' lang='lat' dir='ltr'>uramara.</span> <span class='ocrx_word' id='word_1_346' title='bbox 565 3530 653 3585; x_wconf 87' lang='lat' dir='ltr'>llecte</span> <span class='ocrx_word' id='word_1_347' title='bbox 676 3525 891 3605; x_wconf 90' lang='lat' dir='ltr'>proculdubio</span> <span class='ocrx_word' id='word_1_348' title='bbox 915 3520 1075 3604; x_wconf 67' lang='lat' dir='ltr'>biadpaoa</span> <span class='ocrx_word' id='word_1_349' title='bbox 1098 3523 1285 3586; x_wconf 76' lang='lat' dir='ltr'>membranae</span> 
     </span>
     <span class='ocr_line' id='line_1_38' title="bbox 186 3608 1285 3707; baseline -0.005 -36"><span class='ocrx_word' id='word_1_350' title='bbox 186 3612 350 3693; x_wconf 84' lang='lat' dir='ltr'>plurimae,</span> <span class='ocrx_word' id='word_1_351' title='bbox 373 3615 456 3690; x_wconf 90' lang='lat' dir='ltr'>quod</span> <span class='ocrx_word' id='word_1_352' title='bbox 478 3610 555 3671; x_wconf 88' lang='lat' dir='ltr'>nihil</span> <span class='ocrx_word' id='word_1_353' title='bbox 575 3612 657 3670; x_wconf 91' lang='lat' dir='ltr'>aliud</span> <span class='ocrx_word' id='word_1_354' title='bbox 678 3621 736 3686; x_wconf 86' lang='lat' dir='ltr'>eat,</span> <span class='ocrx_word' id='word_1_355' title='bbox 755 3610 844 3707; x_wconf 67' lang='lat' dir='ltr'>¹quam</span> <span class='ocrx_word' id='word_1_356' title='bbox 868 3631 930 3669; x_wconf 79' lang='lat' dir='ltr'>vox</span> <span class='ocrx_word' id='word_1_357' title='bbox 952 3631 1006 3690; x_wconf 87' lang='lat' dir='ltr'>per</span> <span class='ocrx_word' id='word_1_358' title='bbox 1021 3629 1152 3669; x_wconf 85' lang='lat' dir='ltr'>errorem</span> <span class='ocrx_word' id='word_1_359' title='bbox 1170 3608 1285 3669; x_wconf 79' lang='lat' dir='ltr'>descri-</span> 
     </span>
     <span class='ocr_line' id='line_1_39' title="bbox 187 3695 1284 3775; baseline -0.005 -19"><span class='ocrx_word' id='word_1_360' title='bbox 187 3697 321 3756; x_wconf 86' lang='lat' dir='ltr'>bentium</span> <span class='ocrx_word' id='word_1_361' title='bbox 345 3698 485 3775; x_wconf 88' lang='lat' dir='ltr'>repetita,</span> <span class='ocrx_word' id='word_1_362' title='bbox 507 3707 542 3756; x_wconf 85' lang='lat' dir='ltr'>ut</span> <span class='ocrx_word' id='word_1_363' title='bbox 559 3697 687 3755; x_wconf 79' lang='lat' dir='ltr'>feliciter</span> <span class='ocrx_word' id='word_1_364' title='bbox 705 3696 832 3753; x_wconf 76' lang='lat' dir='ltr'>coniecit</span> <span class='ocrx_word' id='word_1_365' title='bbox 852 3695 900 3754; x_wconf 87' lang='lat' dir='ltr'>vir</span> <span class='ocrx_word' id='word_1_366' title='bbox 921 3715 1053 3755; x_wconf 82' lang='lat' dir='ltr'>aummua</span> <span class='ocrx_word' id='word_1_367' title='bbox 1076 3704 1106 3753; x_wconf 90' lang='lat' dir='ltr'>et</span> <span class='ocrx_word' id='word_1_368' title='bbox 1121 3714 1209 3773; x_wconf 88' lang='lat' dir='ltr'>quem</span> <span class='ocrx_word' id='word_1_369' title='bbox 1229 3713 1284 3752; x_wconf 87' lang='lat' dir='ltr'>auo</span> 
     </span>
     <span class='ocr_line' id='line_1_40' title="bbox 187 3773 1286 3860; baseline -0.006 -19"><span class='ocrx_word' id='word_1_370' title='bbox 187 3782 316 3841; x_wconf 84' lang='lat' dir='ltr'>maximo</span> <span class='ocrx_word' id='word_1_371' title='bbox 337 3781 442 3840; x_wconf 81' lang='lat' dir='ltr'>merito</span> <span class='ocrx_word' id='word_1_372' title='bbox 459 3782 580 3839; x_wconf 80' lang='lat' dir='ltr'>maximi</span> <span class='ocrx_word' id='word_1_373' title='bbox 596 3801 711 3860; x_wconf 74' lang='lat' dir='ltr'>semper</span> <span class='ocrx_word' id='word_1_374' title='bbox 728 3780 794 3839; x_wconf 85' lang='lat' dir='ltr'>leci.</span> <span class='ocrx_word' id='word_1_375' title='bbox 816 3799 946 3839; x_wconf 74' lang='lat' dir='ltr'>maraon.</span> <span class='ocrx_word' id='word_1_376' title='bbox 968 3773 1129 3857; x_wconf 80' lang='grc' dir='ltr'><strong><em>θαυμάσας</em></strong></span> <span class='ocrx_word' id='word_1_377' title='bbox 1151 3778 1234 3836; x_wconf 84' lang='lat' dir='ltr'>abeat</span> <span class='ocrx_word' id='word_1_378' title='bbox 1249 3776 1286 3835; x_wconf 87' lang='lat' dir='ltr'>ab</span> 
     </span>
     <span class='ocr_line' id='line_1_41' title="bbox 187 3860 1285 3944; baseline -0.005 -19"><span class='ocrx_word' id='word_1_379' title='bbox 187 3867 312 3942; x_wconf 78' lang='lat' dir='ltr'>August.</span> <span class='ocrx_word' id='word_1_380' title='bbox 330 3866 427 3944; x_wconf 88' lang='lat' dir='ltr'>primo</span> <span class='ocrx_word' id='word_1_381' title='bbox 443 3876 473 3925; x_wconf 91' lang='lat' dir='ltr'>et</span> <span class='ocrx_word' id='word_1_382' title='bbox 486 3866 625 3924; x_wconf 84' lang='lat' dir='ltr'>seeundo.</span> <span class='ocrx_word' id='word_1_383' title='bbox 647 3865 840 3924; x_wconf 81' lang='lat' dir='ltr'>Marklandus</span> <span class='ocrx_word' id='word_1_384' title='bbox 858 3874 909 3922; x_wconf 90' lang='lat' dir='ltr'>aut</span> <span class='ocrx_word' id='word_1_385' title='bbox 924 3864 1015 3923; x_wconf 88' lang='lat' dir='ltr'>deleri</span> <span class='ocrx_word' id='word_1_386' title='bbox 1031 3864 1098 3923; x_wconf 85' lang='lat' dir='ltr'>vult</span> <span class='ocrx_word' id='word_1_387' title='bbox 1112 3861 1172 3921; x_wconf 86' lang='lat' dir='ltr'>boe</span> <span class='ocrx_word' id='word_1_388' title='bbox 1186 3860 1285 3942; x_wconf 85' lang='lat' dir='ltr'>parti·</span> 
     </span>
     <span class='ocr_line' id='line_1_42' title="bbox 190 3943 1286 4030; baseline -0.005 -21"><span class='ocrx_word' id='word_1_389' title='bbox 190 3951 319 4030; x_wconf 89' lang='lat' dir='ltr'>cipium,</span> <span class='ocrx_word' id='word_1_390' title='bbox 334 3953 399 4008; x_wconf 83' lang='lat' dir='ltr'>&#39;aut</span> <span class='ocrx_word' id='word_1_391' title='bbox 426 3971 495 4009; x_wconf 91' lang='lat' dir='ltr'>cum</span> <span class='ocrx_word' id='word_1_392' title='bbox 517 3943 701 4028; x_wconf 72' lang='grc' dir='ltr'><strong><em>Ἀθηναίους</em></strong></span> <span class='ocrx_word' id='word_1_393' title='bbox 725 3949 843 4007; x_wconf 83' lang='lat' dir='ltr'>mutari.</span> <span class='ocrx_word' id='word_1_394' title='bbox 871 3948 966 4026; x_wconf 80' lang='lat' dir='ltr'>Priori</span> <span class='ocrx_word' id='word_1_395' title='bbox 988 3947 1149 4008; x_wconf 79' lang='lat' dir='ltr'>sententiae</span> <span class='ocrx_word' id='word_1_396' title='bbox 1169 3943 1286 4005; x_wconf 79' lang='lat' dir='ltr'>aceedit</span> 
     </span>
     <span class='ocr_line' id='line_1_43' title="bbox 189 4024 1314 4115; baseline -0.003 -23"><span class='ocrx_word' id='word_1_397' title='bbox 189 4036 348 4115; x_wconf 81' lang='lat' dir='ltr'>Taylorua,</span> <span class='ocrx_word' id='word_1_398' title='bbox 372 4033 422 4114; x_wconf 89' lang='lat' dir='ltr'>qui</span> <span class='ocrx_word' id='word_1_399' title='bbox 440 4045 528 4094; x_wconf 70' lang='lat' dir='ltr'>testea</span> <span class='ocrx_word' id='word_1_400' title='bbox 550 4034 656 4094; x_wconf 85' lang='lat' dir='ltr'>vellem</span> <span class='ocrx_word' id='word_1_401' title='bbox 678 4035 839 4093; x_wconf 85' lang='lat' dir='ltr'>addidiaaet</span> <span class='ocrx_word' id='word_1_402' title='bbox 858 4032 1023 4108; x_wconf 76' lang='lat' dir='ltr'>affirmans,</span> <span class='ocrx_word' id='word_1_403' title='bbox 1045 4054 1101 4112; x_wconf 87' lang='lat' dir='ltr'>pro</span> <span class='ocrx_word' id='word_1_404' title='bbox 1123 4024 1286 4110; x_wconf 83' lang='grc' dir='ltr'><strong><em>θαυμάσας</em></strong></span> <span class='ocrx_word' id='word_1_405' title='bbox 1311 4062 1314 4066; x_wconf 90' lang='grc'><em>·</em></span> 
     </span>
     <span class='ocr_line' id='line_1_44' title="bbox 190 4107 1288 4199; baseline -0.005 -22"><span class='ocrx_word' id='word_1_406' title='bbox 190 4119 261 4177; x_wconf 90' lang='lat' dir='ltr'>dare</span> <span class='ocrx_word' id='word_1_407' title='bbox 284 4119 427 4199; x_wconf 81' lang='lat' dir='ltr'>plurimas</span> <span class='ocrx_word' id='word_1_408' title='bbox 453 4119 634 4179; x_wconf 79' lang='lat' dir='ltr'>membranas</span> <span class='ocrx_word' id='word_1_409' title='bbox 658 4114 832 4197; x_wconf 76' lang='grc' dir='ltr'><strong><em>ἐθαύμασα,</em></strong></span> <span class='ocrx_word' id='word_1_410' title='bbox 857 4118 937 4195; x_wconf 92' lang='lat' dir='ltr'>quod</span> <span class='ocrx_word' id='word_1_411' title='bbox 958 4116 1033 4176; x_wconf 89' lang='lat' dir='ltr'>nihil</span> <span class='ocrx_word' id='word_1_412' title='bbox 1055 4118 1097 4174; x_wconf 88' lang='lat' dir='ltr'>ait</span> <span class='ocrx_word' id='word_1_413' title='bbox 1120 4107 1201 4173; x_wconf 83' lang='lat' dir='ltr'>aliud</span> <span class='ocrx_word' id='word_1_414' title='bbox 1223 4132 1288 4173; x_wconf 82' lang='lat' dir='ltr'>eaaa</span> 
     </span>
     <span class='ocr_line' id='line_1_45' title="bbox 192 4198 1287 4281; baseline -0.005 -20"><span class='ocrx_word' id='word_1_415' title='bbox 192 4224 278 4281; x_wconf 89' lang='lat' dir='ltr'>quam</span> <span class='ocrx_word' id='word_1_416' title='bbox 292 4225 422 4264; x_wconf 88' lang='lat' dir='ltr'>errorem</span> <span class='ocrx_word' id='word_1_417' title='bbox 438 4204 626 4264; x_wconf 81' lang='lat' dir='ltr'>librariorum</span> <span class='ocrx_word' id='word_1_418' title='bbox 638 4205 761 4262; x_wconf 88' lang='lat' dir='ltr'>eandem</span> <span class='ocrx_word' id='word_1_419' title='bbox 775 4223 877 4262; x_wconf 88' lang='lat' dir='ltr'>vocem</span> <span class='ocrx_word' id='word_1_420' title='bbox 891 4203 1070 4261; x_wconf 86' lang='lat' dir='ltr'>iterantium.</span> <span class='ocrx_word' id='word_1_421' title='bbox 1081 4198 1119 4258; x_wconf 82' lang='lat' dir='ltr'>ln</span> <span class='ocrx_word' id='word_1_422' title='bbox 1132 4200 1206 4257; x_wconf 79' lang='lat' dir='ltr'>meis</span> <span class='ocrx_word' id='word_1_423' title='bbox 1216 4198 1287 4278; x_wconf 80' lang='lat' dir='ltr'>qui-&#39;-</span> 
     </span>
     <span class='ocr_line' id='line_1_46' title="bbox 192 4282 1288 4369; baseline -0.003 -24"><span class='ocrx_word' id='word_1_424' title='bbox 192 4288 260 4346; x_wconf 82' lang='lat' dir='ltr'>dem</span> <span class='ocrx_word' id='word_1_425' title='bbox 275 4288 361 4347; x_wconf 74' lang='lat' dir='ltr'>libris</span> <span class='ocrx_word' id='word_1_426' title='bbox 374 4287 433 4348; x_wconf 84' lang='lat' dir='ltr'>hoe</span> <span class='ocrx_word' id='word_1_427' title='bbox 450 4310 510 4350; x_wconf 85' lang='lat' dir='ltr'>non</span> <span class='ocrx_word' id='word_1_428' title='bbox 523 4288 622 4369; x_wconf 88' lang='lat' dir='ltr'>reperi</span> <span class='ocrx_word' id='word_1_429' title='bbox 638 4288 695 4348; x_wconf 73' lang='grc' dir='ltr'><strong><em>οἰοῖ</em></strong></span> <span class='ocrx_word' id='word_1_430' title='bbox 708 4288 742 4351; x_wconf 90' lang='lat' dir='ltr'>in</span> <span class='ocrx_word' id='word_1_431' title='bbox 756 4287 863 4351; x_wconf 77' lang='lat' dir='ltr'>Aldina</span> <span class='ocrx_word' id='word_1_432' title='bbox 876 4284 1007 4366; x_wconf 73' lang='lat' dir='ltr'>&#39;l&#39;aylord</span> <span class='ocrx_word' id='word_1_433' title='bbox 1021 4282 1106 4365; x_wconf 77' lang='lat' dir='ltr'>quod</span> <span class='ocrx_word' id='word_1_434' title='bbox 1116 4286 1224 4363; x_wconf 73' lang='lat' dir='ltr'>mgni</span> <span class='ocrx_word' id='word_1_435' title='bbox 1236 4302 1288 4343; x_wconf 84' lang='grc' dir='ltr'>νοκ</span> 
     </span>
    </p>
   </div>
   <div class='ocr_carea' id='block_1_15' title="bbox 0 0 1402 4740">
    <p class='ocr_par' dir='ltr' id='par_1_15' title="bbox 0 0 1402 4740">
     <span class='ocr_line' id='line_1_47' title="bbox 0 0 1402 4740; baseline 0 0"><span class='ocrx_word' id='word_1_436' title='bbox 0 0 1402 4740; x_wconf 95' lang='lat' dir='ltr'> </span> 
     </span>
    </p>
   </div>
  </div>
 </body>
</html>
