<?xml version="1.0" encoding="UTF-8"?>
<!DOCTYPE html PUBLIC "-//W3C//DTD XHTML 1.0 Transitional//EN"
    "http://www.w3.org/TR/xhtml1/DTD/xhtml1-transitional.dtd">
<html xmlns="http://www.w3.org/1999/xhtml" xml:lang="en" lang="en">
 <head>
  <title>
</title>
<meta http-equiv="Content-Type" content="text/html;charset=utf-8" />
  <meta name='ocr-system' content='tesseract 3.04.00' />
  <meta name='ocr-capabilities' content='ocr_page ocr_carea ocr_par ocr_line ocrx_word'/>
</head>
<body>
  <div class='ocr_page' id='page_1' title='image "./demosthenisquae00schgoog_0288.png"; bbox 0 0 2774 4740; ppageno 0'>
   <div class='ocr_carea' id='block_1_1' title="bbox 424 229 1277 335">
    <p class='ocr_par' dir='ltr' id='par_1_1' title="bbox 424 229 1277 335">
     <span class='ocr_line' id='line_1_1' title="bbox 424 229 1277 335; baseline 0.02 -21"><span class='ocrx_word' id='word_1_1' title='bbox 424 253 485 314; x_wconf 82' lang='lat' dir='ltr'>an</span> <span class='ocrx_word' id='word_1_2' title='bbox 512 252 646 314; x_wconf 80' lang='lat' dir='ltr'>onas.</span> <span class='ocrx_word' id='word_1_3' title='bbox 676 229 767 318; x_wconf 74' lang='lat' dir='ltr'>eno</span> <span class='ocrx_word' id='word_1_4' title='bbox 792 256 990 325; x_wconf 68' lang='lat' dir='ltr'>conone</span> <span class='ocrx_word' id='word_1_5' title='bbox 1194 258 1277 335; x_wconf 75' lang='lat' dir='ltr'>aaa.</span> 
     </span>
    </p>
   </div>
   <div class='ocr_carea' id='block_1_2' title="bbox 85 414 1340 1350">
    <p class='ocr_par' dir='ltr' id='par_1_2' title="bbox 85 414 1340 1350">
     <span class='ocr_line' id='line_1_2' title="bbox 85 414 1257 505; baseline 0.004 -21"><span class='ocrx_word' id='word_1_6' title='bbox 85 436 91 448; x_wconf 86' lang='grc'><em>·</em></span> <span class='ocrx_word' id='word_1_7' title='bbox 154 419 207 484; x_wconf 54' lang='lat' dir='ltr'>‘rel</span> <span class='ocrx_word' id='word_1_8' title='bbox 229 418 359 486; x_wconf 75' lang='grc' dir='ltr'>εἰωθότα</span> <span class='ocrx_word' id='word_1_9' title='bbox 380 414 466 497; x_wconf 78' lang='grc' dir='ltr'><strong><em>εἶναι.</em></strong></span> <span class='ocrx_word' id='word_1_10' title='bbox 490 419 588 483; x_wconf 73' lang='lat' dir='ltr'>assor.</span> <span class='ocrx_word' id='word_1_11' title='bbox 619 418 839 483; x_wconf 82' lang='lat' dir='ltr'>Wunderliolrii</span> <span class='ocrx_word' id='word_1_12' title='bbox 859 422 1109 505; x_wconf 78' lang='lat' dir='ltr'>priorvulgatum</span> <span class='ocrx_word' id='word_1_13' title='bbox 1121 420 1257 489; x_wconf 74' lang='lat' dir='ltr'>ordinem</span> 
     </span>
     <span class='ocr_line' id='line_1_3' title="bbox 157 506 1256 593; baseline 0.004 -24"><span class='ocrx_word' id='word_1_14' title='bbox 157 508 300 569; x_wconf 81' lang='lat' dir='ltr'>restituit.</span> <span class='ocrx_word' id='word_1_15' title='bbox 330 506 478 583; x_wconf 83' lang='grc'><strong>,,119919“</strong></span> <span class='ocrx_word' id='word_1_16' title='bbox 499 507 599 586; x_wconf 86' lang='lat' dir='ltr'>inquit</span> <span class='ocrx_word' id='word_1_17' title='bbox 617 507 672 568; x_wconf 85' lang='grc'><strong>1119</strong></span> <span class='ocrx_word' id='word_1_18' title='bbox 691 507 770 584; x_wconf 83' lang='grc' dir='ltr'><strong>,,κα1</strong></span> <span class='ocrx_word' id='word_1_19' title='bbox 789 539 834 553; x_wconf 86' lang='grc'>-·</span> <span class='ocrx_word' id='word_1_20' title='bbox 850 506 959 591; x_wconf 28' lang='lat' dir='ltr'>‹lt-sed</span> <span class='ocrx_word' id='word_1_21' title='bbox 978 521 1020 587; x_wconf 85' lang='lat' dir='ltr'>et,</span> <span class='ocrx_word' id='word_1_22' title='bbox 1044 510 1143 592; x_wconf 80' lang='lat' dir='ltr'>quid?</span> <span class='ocrx_word' id='word_1_23' title='bbox 1164 512 1256 593; x_wconf 74' lang='lat' dir='ltr'>qued.</span> 
     </span>
     <span class='ocr_line' id='line_1_4' title="bbox 156 587 1340 675; baseline 0.009 -23"><span class='ocrx_word' id='word_1_24' title='bbox 156 589 372 652; x_wconf 83' lang='lat' dir='ltr'>Demosthenes</span> <span class='ocrx_word' id='word_1_25' title='bbox 394 591 427 650; x_wconf 91' lang='lat' dir='ltr'>in</span> <span class='ocrx_word' id='word_1_26' title='bbox 450 589 522 659; x_wconf 80' lang='lat' dir='ltr'>Mid.</span> <span class='ocrx_word' id='word_1_27' title='bbox 542 612 609 672; x_wconf 84' lang='lat' dir='ltr'>pag.</span> <span class='ocrx_word' id='word_1_28' title='bbox 625 597 698 659; x_wconf 78' lang='lat'><strong>623.</strong></span> <span class='ocrx_word' id='word_1_29' title='bbox 713 590 770 675; x_wconf 74' lang='grc' dir='ltr'>ἐγώ</span> <span class='ocrx_word' id='word_1_30' title='bbox 784 589 816 653; x_wconf 75' lang='grc' dir='ltr'>δὲ</span> <span class='ocrx_word' id='word_1_31' title='bbox 826 593 862 654; x_wconf 69' lang='lat' dir='ltr'>bu</span> <span class='ocrx_word' id='word_1_32' title='bbox 877 590 932 672; x_wconf 77' lang='lat' dir='ltr'>piu</span> <span class='ocrx_word' id='word_1_33' title='bbox 947 592 1041 656; x_wconf 72' lang='lat' dir='ltr'>lasiae</span> <span class='ocrx_word' id='word_1_34' title='bbox 1056 587 1091 656; x_wconf 81' lang='grc' dir='ltr'>εὖ</span> <span class='ocrx_word' id='word_1_35' title='bbox 1106 591 1183 673; x_wconf 78' lang='grc' dir='ltr'><strong><em>οἶδα,</em></strong></span> <span class='ocrx_word' id='word_1_36' title='bbox 1194 598 1257 662; x_wconf 70' lang='grc' dir='ltr'>καὶ</span> <span class='ocrx_word' id='word_1_37' title='bbox 1335 635 1340 649; x_wconf 87' lang='grc'><em>·</em></span> 
     </span>
     <span class='ocr_line' id='line_1_5' title="bbox 156 669 1331 759; baseline -0.002 -19"><span class='ocrx_word' id='word_1_38' title='bbox 156 676 239 759; x_wconf 74' lang='grc' dir='ltr'>α’μᾶς</span> <span class='ocrx_word' id='word_1_39' title='bbox 255 675 297 738; x_wconf 70' lang='lat' dir='ltr'>di</span> <span class='ocrx_word' id='word_1_40' title='bbox 311 674 423 738; x_wconf 74' lang='grc' dir='ltr'><strong><em>εἰδέναι</em></strong></span> <span class='ocrx_word' id='word_1_41' title='bbox 435 669 502 755; x_wconf 78' lang='grc' dir='ltr'>χρή.</span> <span class='ocrx_word' id='word_1_42' title='bbox 527 696 585 755; x_wconf 88' lang='lat' dir='ltr'>quo</span> <span class='ocrx_word' id='word_1_43' title='bbox 608 677 676 737; x_wconf 89' lang='lat' dir='ltr'>loco</span> <span class='ocrx_word' id='word_1_44' title='bbox 695 685 777 736; x_wconf 83' lang='lat' dir='ltr'>recte</span> <span class='ocrx_word' id='word_1_45' title='bbox 793 677 937 737; x_wconf 68' lang='lat' dir='ltr'>&lt;salitorem</span> <span class='ocrx_word' id='word_1_46' title='bbox 952 680 1148 738; x_wconf 81' lang='lat' dir='ltr'>novissimum</span> <span class='ocrx_word' id='word_1_47' title='bbox 1161 680 1193 744; x_wconf 78' lang='grc' dir='ltr'>δὲ</span> <span class='ocrx_word' id='word_1_48' title='bbox 1209 694 1255 743; x_wconf 81' lang='lat' dir='ltr'>et-</span> <span class='ocrx_word' id='word_1_49' title='bbox 1326 688 1331 696; x_wconf 89' lang='lat'>&#39;</span> 
     </span>
     <span class='ocr_line' id='line_1_6' title="bbox 97 759 1256 840; baseline 0.002 -20"><span class='ocrx_word' id='word_1_50' title='bbox 97 790 100 797; x_wconf 91' lang='lat'>·</span> <span class='ocrx_word' id='word_1_51' title='bbox 156 767 223 820; x_wconf 80' lang='lat' dir='ltr'>iem</span> <span class='ocrx_word' id='word_1_52' title='bbox 235 760 405 822; x_wconf 76' lang='lat' dir='ltr'>reddidisse</span> <span class='ocrx_word' id='word_1_53' title='bbox 426 759 569 820; x_wconf 83' lang='lat' dir='ltr'>dubitem.</span> <span class='ocrx_word' id='word_1_54' title='bbox 596 762 681 821; x_wconf 81' lang='lat' dir='ltr'>Adde</span> <span class='ocrx_word' id='word_1_55' title='bbox 702 759 1172 840; x_wconf 72' lang='lat' dir='ltr'>Xenophontaluob.1,l,2.“</span> <span class='ocrx_word' id='word_1_56' title='bbox 1197 766 1256 827; x_wconf 79' lang='lat' dir='ltr'>Sed</span> 
     </span>
     <span class='ocr_line' id='line_1_7' title="bbox 155 843 1257 934; baseline 0.006 -28"><span class='ocrx_word' id='word_1_57' title='bbox 155 843 189 906; x_wconf 90' lang='lat' dir='ltr'>in</span> <span class='ocrx_word' id='word_1_58' title='bbox 204 847 299 906; x_wconf 86' lang='lat' dir='ltr'>altera</span> <span class='ocrx_word' id='word_1_59' title='bbox 311 845 501 921; x_wconf 82' lang='lat' dir='ltr'>Gottingsnsi</span> <span class='ocrx_word' id='word_1_60' title='bbox 515 846 667 906; x_wconf 70' lang='lat' dir='ltr'><strong>Disaenius</strong></span> <span class='ocrx_word' id='word_1_61' title='bbox 680 848 780 905; x_wconf 78' lang='lat' dir='ltr'>locum</span> <span class='ocrx_word' id='word_1_62' title='bbox 799 846 882 905; x_wconf 82' lang='lat' dir='ltr'>dedit</span> <span class='ocrx_word' id='word_1_63' title='bbox 896 847 940 906; x_wconf 89' lang='lat' dir='ltr'>sic</span> <span class='ocrx_word' id='word_1_64' title='bbox 958 848 1121 926; x_wconf 84' lang='lat' dir='ltr'>seriptum:</span> <span class='ocrx_word' id='word_1_65' title='bbox 1136 847 1174 911; x_wconf 78' lang='lat' dir='ltr'>sai</span> <span class='ocrx_word' id='word_1_66' title='bbox 1187 844 1257 934; x_wconf 80' lang='grc' dir='ltr'><strong><em>παρ’</em></strong></span> 
     </span>
     <span class='ocr_line' id='line_1_8' title="bbox 156 923 1256 1016; baseline 0.002 -22"><span class='ocrx_word' id='word_1_67' title='bbox 156 923 263 1005; x_wconf 71' lang='grc' dir='ltr'><strong><em>αίτοῖς</em></strong></span> <span class='ocrx_word' id='word_1_68' title='bbox 275 953 307 992; x_wconf 82' lang='grc' dir='ltr'>τε</span> <span class='ocrx_word' id='word_1_69' title='bbox 321 929 372 992; x_wconf 74' lang='grc' dir='ltr'>καὶ</span> <span class='ocrx_word' id='word_1_70' title='bbox 386 926 424 991; x_wconf 79' lang='lat' dir='ltr'>eei</span> <span class='ocrx_word' id='word_1_71' title='bbox 437 926 521 1009; x_wconf 75' lang='lat' dir='ltr'>nepai</span> <span class='ocrx_word' id='word_1_72' title='bbox 536 934 611 992; x_wconf 77' lang='grc' dir='ltr'>πᾶσι</span> <span class='ocrx_word' id='word_1_73' title='bbox 631 931 665 994; x_wconf 78' lang='grc' dir='ltr'>ἐν</span> <span class='ocrx_word' id='word_1_74' title='bbox 682 933 804 1015; x_wconf 70' lang='grc' dir='ltr'><strong><em>πλείστῃ</em></strong></span> <span class='ocrx_word' id='word_1_75' title='bbox 826 936 956 1016; x_wconf 74' lang='grc' dir='ltr'>φυλακῇ.</span> <span class='ocrx_word' id='word_1_76' title='bbox 978 933 1066 1007; x_wconf 87' lang='lat' dir='ltr'>„Qui</span> <span class='ocrx_word' id='word_1_77' title='bbox 1091 941 1160 1012; x_wconf 82' lang='lat' dir='ltr'>post</span> <span class='ocrx_word' id='word_1_78' title='bbox 1179 939 1256 999; x_wconf 75' lang='lat' dir='ltr'>naias</span> 
     </span>
     <span class='ocr_line' id='line_1_9' title="bbox 157 1011 1256 1098; baseline 0.002 -22"><span class='ocrx_word' id='word_1_79' title='bbox 157 1016 310 1076; x_wconf 79' lang='lat' dir='ltr'>collocant</span> <span class='ocrx_word' id='word_1_80' title='bbox 330 1011 389 1076; x_wconf 66' lang='lat' dir='ltr'><em>w</em></span> <span class='ocrx_word' id='word_1_81' title='bbox 409 1014 510 1093; x_wconf 84' lang='lat' dir='ltr'>inquit</span> <span class='ocrx_word' id='word_1_82' title='bbox 530 1016 689 1098; x_wconf 73' lang='lat' dir='ltr'>„ineptam</span> <span class='ocrx_word' id='word_1_83' title='bbox 707 1012 861 1096; x_wconf 83' lang='lat' dir='ltr'>emphasin</span> <span class='ocrx_word' id='word_1_84' title='bbox 885 1016 1029 1075; x_wconf 84' lang='lat' dir='ltr'>inserunt.</span> <span class='ocrx_word' id='word_1_85' title='bbox 1060 1018 1163 1090; x_wconf 53' lang='lat' dir='ltr'>,Quare</span> <span class='ocrx_word' id='word_1_86' title='bbox 1181 1016 1256 1079; x_wconf 67' lang='lat' dir='ltr'>base</span> 
     </span>
     <span class='ocr_line' id='line_1_10' title="bbox 155 1094 1254 1180; baseline 0 -19"><span class='ocrx_word' id='word_1_87' title='bbox 155 1121 218 1161; x_wconf 75' lang='lat' dir='ltr'>vox</span> <span class='ocrx_word' id='word_1_88' title='bbox 241 1117 309 1159; x_wconf 88' lang='lat' dir='ltr'>eum</span> <span class='ocrx_word' id='word_1_89' title='bbox 323 1098 416 1158; x_wconf 81' lang='lat' dir='ltr'>Codtl.</span> <span class='ocrx_word' id='word_1_90' title='bbox 435 1100 592 1158; x_wconf 84' lang='lat' dir='ltr'>nonnullis</span> <span class='ocrx_word' id='word_1_91' title='bbox 612 1109 681 1180; x_wconf 89' lang='lat' dir='ltr'>post</span> <span class='ocrx_word' id='word_1_92' title='bbox 696 1094 798 1173; x_wconf 71' lang='grc' dir='ltr'><strong><em>αὐτοῖς</em></strong></span> <span class='ocrx_word' id='word_1_93' title='bbox 810 1100 950 1179; x_wconf 85' lang='lat' dir='ltr'>ponenda</span> <span class='ocrx_word' id='word_1_94' title='bbox 963 1110 1009 1176; x_wconf 78' lang='lat' dir='ltr'>et,</span> <span class='ocrx_word' id='word_1_95' title='bbox 1034 1101 1081 1158; x_wconf 84' lang='lat' dir='ltr'>uti</span> <span class='ocrx_word' id='word_1_96' title='bbox 1103 1103 1254 1164; x_wconf 79' lang='lat' dir='ltr'>llekkents</span> 
     </span>
     <span class='ocr_line' id='line_1_11' title="bbox 156 1182 1255 1264; baseline 0.003 -18"><span class='ocrx_word' id='word_1_97' title='bbox 156 1182 255 1246; x_wconf 83' lang='lat' dir='ltr'>fecit“</span> <span class='ocrx_word' id='word_1_98' title='bbox 278 1184 331 1264; x_wconf 87' lang='lat' dir='ltr'>[in</span> <span class='ocrx_word' id='word_1_99' title='bbox 355 1183 487 1242; x_wconf 85' lang='lat' dir='ltr'>editione</span> <span class='ocrx_word' id='word_1_100' title='bbox 502 1183 645 1264; x_wconf 85' lang='lat' dir='ltr'>Halensi]</span> <span class='ocrx_word' id='word_1_101' title='bbox 676 1183 735 1262; x_wconf 88' lang='lat' dir='ltr'>„in</span> <span class='ocrx_word' id='word_1_102' title='bbox 751 1206 782 1245; x_wconf 80' lang='grc' dir='ltr'>τε</span> <span class='ocrx_word' id='word_1_103' title='bbox 797 1184 941 1242; x_wconf 85' lang='lat' dir='ltr'>mutando</span> <span class='ocrx_word' id='word_1_104' title='bbox 961 1185 1051 1246; x_wconf 78' lang='lat' dir='ltr'>fuit.“</span> <span class='ocrx_word' id='word_1_105' title='bbox 1073 1186 1255 1249; x_wconf 75' lang='lat' dir='ltr'>Meliorin·</span> 
     </span>
     <span class='ocr_line' id='line_1_12' title="bbox 153 1268 1255 1350; baseline 0.002 -21"><span class='ocrx_word' id='word_1_106' title='bbox 153 1270 239 1330; x_wconf 86' lang='lat' dir='ltr'>tione</span> <span class='ocrx_word' id='word_1_107' title='bbox 258 1269 385 1350; x_wconf 85' lang='lat' dir='ltr'>probate</span> <span class='ocrx_word' id='word_1_108' title='bbox 404 1268 557 1328; x_wconf 86' lang='lat' dir='ltr'>Bekkerus</span> <span class='ocrx_word' id='word_1_109' title='bbox 577 1289 659 1328; x_wconf 89' lang='lat' dir='ltr'>nune</span> <span class='ocrx_word' id='word_1_110' title='bbox 677 1269 788 1343; x_wconf 75' lang='lat' dir='ltr'>edidit,</span> <span class='ocrx_word' id='word_1_111' title='bbox 807 1277 901 1348; x_wconf 83' lang='lat' dir='ltr'>prout</span> <span class='ocrx_word' id='word_1_112' title='bbox 914 1269 1051 1328; x_wconf 86' lang='lat' dir='ltr'>Reiskius</span> <span class='ocrx_word' id='word_1_113' title='bbox 1074 1269 1107 1327; x_wconf 92' lang='lat' dir='ltr'>in</span> <span class='ocrx_word' id='word_1_114' title='bbox 1127 1281 1255 1330; x_wconf 83' lang='lat' dir='ltr'>annota-</span> 
     </span>
    </p>
   </div>
   <div class='ocr_carea' id='block_1_3' title="bbox 155 1346 1352 1438">
    <p class='ocr_par' dir='ltr' id='par_1_3' title="bbox 155 1346 1352 1438">
     <span class='ocr_line' id='line_1_13' title="bbox 155 1346 1352 1438; baseline 0.007 -26"><span class='ocrx_word' id='word_1_115' title='bbox 155 1356 238 1414; x_wconf 90' lang='lat' dir='ltr'>tione</span> <span class='ocrx_word' id='word_1_116' title='bbox 253 1362 401 1412; x_wconf 76' lang='lat' dir='ltr'>suaserat:</span> <span class='ocrx_word' id='word_1_117' title='bbox 422 1349 459 1414; x_wconf 79' lang='lat' dir='ltr'>eoi</span> <span class='ocrx_word' id='word_1_118' title='bbox 472 1348 542 1433; x_wconf 79' lang='grc' dir='ltr'><strong><em>παρ’</em></strong></span> <span class='ocrx_word' id='word_1_119' title='bbox 563 1346 664 1426; x_wconf 66' lang='grc' dir='ltr'><strong><em>αὐτοῖς</em></strong></span> <span class='ocrx_word' id='word_1_120' title='bbox 681 1352 734 1414; x_wconf 81' lang='grc' dir='ltr'>καὶ</span> <span class='ocrx_word' id='word_1_121' title='bbox 748 1350 829 1433; x_wconf 78' lang='grc' dir='ltr'><strong><em>παρὰ</em></strong></span> <span class='ocrx_word' id='word_1_122' title='bbox 840 1357 915 1414; x_wconf 79' lang='grc' dir='ltr'><strong>πᾶσι</strong></span> <span class='ocrx_word' id='word_1_123' title='bbox 932 1346 964 1415; x_wconf 80' lang='grc' dir='ltr'>δ’</span> <span class='ocrx_word' id='word_1_124' title='bbox 977 1353 1011 1414; x_wconf 77' lang='grc' dir='ltr'>ἐν</span> <span class='ocrx_word' id='word_1_125' title='bbox 1024 1355 1146 1438; x_wconf 72' lang='grc' dir='ltr'><strong><em>πλείστῃ</em></strong></span> <span class='ocrx_word' id='word_1_126' title='bbox 1162 1363 1255 1434; x_wconf 72' lang='lat' dir='ltr'>pule·</span> <span class='ocrx_word' id='word_1_127' title='bbox 1351 1421 1352 1424; x_wconf 68' lang='grc'>,</span> 
     </span>
    </p>
   </div>
   <div class='ocr_carea' id='block_1_4' title="bbox 155 1431 1254 1599">
    <p class='ocr_par' dir='ltr' id='par_1_4' title="bbox 155 1431 1254 1599">
     <span class='ocr_line' id='line_1_14' title="bbox 155 1431 1254 1524; baseline -0.001 -23"><span class='ocrx_word' id='word_1_128' title='bbox 155 1443 205 1524; x_wconf 73' lang='grc' dir='ltr'>κῇ.</span> <span class='ocrx_word' id='word_1_129' title='bbox 226 1439 301 1497; x_wconf 87' lang='lat' dir='ltr'>Nam</span> <span class='ocrx_word' id='word_1_130' title='bbox 324 1447 356 1496; x_wconf 84' lang='lat' dir='ltr'>et</span> <span class='ocrx_word' id='word_1_131' title='bbox 376 1431 586 1517; x_wconf 68' lang='lat' dir='ltr'>dipostnoioa</span> <span class='ocrx_word' id='word_1_132' title='bbox 603 1432 755 1518; x_wconf 87' lang='lat' dir='ltr'>aptissima</span> <span class='ocrx_word' id='word_1_133' title='bbox 773 1435 906 1517; x_wconf 78' lang='lat' dir='ltr'>emphasi</span> <span class='ocrx_word' id='word_1_134' title='bbox 920 1438 1061 1517; x_wconf 83' lang='lat' dir='ltr'>ponitur:</span> <span class='ocrx_word' id='word_1_135' title='bbox 1084 1456 1154 1498; x_wconf 79' lang='lat' dir='ltr'>narn</span> <span class='ocrx_word' id='word_1_136' title='bbox 1169 1460 1254 1500; x_wconf 79' lang='lat' dir='ltr'>snau-</span> 
     </span>
     <span class='ocr_line' id='line_1_15' title="bbox 157 1520 1254 1599; baseline 0.004 -18"><span class='ocrx_word' id='word_1_137' title='bbox 157 1542 236 1581; x_wconf 82' lang='lat' dir='ltr'>nram</span> <span class='ocrx_word' id='word_1_138' title='bbox 254 1522 344 1581; x_wconf 84' lang='lat' dir='ltr'>{idean</span> <span class='ocrx_word' id='word_1_139' title='bbox 360 1520 491 1597; x_wconf 85' lang='lat' dir='ltr'>indicat,</span> <span class='ocrx_word' id='word_1_140' title='bbox 515 1523 541 1581; x_wconf 90' lang='lat' dir='ltr'>si</span> <span class='ocrx_word' id='word_1_141' title='bbox 565 1522 622 1580; x_wconf 88' lang='lat' dir='ltr'>tibi</span> <span class='ocrx_word' id='word_1_142' title='bbox 640 1522 843 1581; x_wconf 81' lang='lat' dir='ltr'>committatur</span> <span class='ocrx_word' id='word_1_143' title='bbox 863 1523 943 1599; x_wconf 87' lang='lat' dir='ltr'>quod</span> <span class='ocrx_word' id='word_1_144' title='bbox 955 1543 1019 1581; x_wconf 90' lang='lat' dir='ltr'>non</span> <span class='ocrx_word' id='word_1_145' title='bbox 1033 1531 1152 1582; x_wconf 73' lang='lat' dir='ltr'>turtum</span> <span class='ocrx_word' id='word_1_146' title='bbox 1169 1546 1254 1585; x_wconf 74' lang='lat' dir='ltr'>com·</span> 
     </span>
    </p>
   </div>
   <div class='ocr_carea' id='block_1_5' title="bbox 16 1605 1311 1687">
    <p class='ocr_par' dir='ltr' id='par_1_5' title="bbox 16 1605 1311 1687">
     <span class='ocr_line' id='line_1_16' title="bbox 16 1605 1311 1687; baseline 0.001 -18"><span class='ocrx_word' id='word_1_147' title='bbox 16 1680 21 1687; x_wconf 28' lang='grc' dir='ltr'>ι</span> <span class='ocrx_word' id='word_1_148' title='bbox 46 1664 50 1669; x_wconf 94' lang='grc'><strong>.</strong></span> <span class='ocrx_word' id='word_1_149' title='bbox 155 1605 288 1666; x_wconf 86' lang='lat' dir='ltr'>mittenti</span> <span class='ocrx_word' id='word_1_150' title='bbox 302 1606 355 1665; x_wconf 87' lang='lat' dir='ltr'>sed</span> <span class='ocrx_word' id='word_1_151' title='bbox 365 1606 484 1665; x_wconf 79' lang='lat' dir='ltr'>tibimet</span> <span class='ocrx_word' id='word_1_152' title='bbox 497 1607 558 1686; x_wconf 87' lang='lat' dir='ltr'>ipsi</span> <span class='ocrx_word' id='word_1_153' title='bbox 571 1606 694 1665; x_wconf 84' lang='lat' dir='ltr'>maximi</span> <span class='ocrx_word' id='word_1_154' title='bbox 716 1607 756 1665; x_wconf 87' lang='lat' dir='ltr'>sit</span> <span class='ocrx_word' id='word_1_155' title='bbox 775 1606 883 1685; x_wconf 86' lang='lat' dir='ltr'>pretii:</span> <span class='ocrx_word' id='word_1_156' title='bbox 910 1616 940 1665; x_wconf 82' lang='lat' dir='ltr'>et</span> <span class='ocrx_word' id='word_1_157' title='bbox 957 1606 1143 1687; x_wconf 86' lang='lat' dir='ltr'>ineptissima</span> <span class='ocrx_word' id='word_1_158' title='bbox 1160 1608 1252 1670; x_wconf 83' lang='lat' dir='ltr'>itera·-</span> <span class='ocrx_word' id='word_1_159' title='bbox 1305 1671 1311 1679; x_wconf 80' lang='grc'><em>,</em></span> 
     </span>
    </p>
   </div>
   <div class='ocr_carea' id='block_1_6' title="bbox 153 1686 1254 1854">
    <p class='ocr_par' dir='ltr' id='par_1_6' title="bbox 153 1686 1254 1854">
     <span class='ocr_line' id='line_1_17' title="bbox 155 1686 1250 1776; baseline 0.005 -26"><span class='ocrx_word' id='word_1_160' title='bbox 155 1700 208 1751; x_wconf 85' lang='lat' dir='ltr'>tur</span> <span class='ocrx_word' id='word_1_161' title='bbox 228 1691 387 1750; x_wconf 70' lang='lat' dir='ltr'>articulus:</span> <span class='ocrx_word' id='word_1_162' title='bbox 413 1711 483 1749; x_wconf 83' lang='lat' dir='ltr'>noan</span> <span class='ocrx_word' id='word_1_163' title='bbox 506 1691 714 1768; x_wconf 85' lang='lat' dir='ltr'>significantur</span> <span class='ocrx_word' id='word_1_164' title='bbox 737 1691 855 1749; x_wconf 85' lang='lat' dir='ltr'>eoadem</span> <span class='ocrx_word' id='word_1_165' title='bbox 867 1711 925 1765; x_wconf 87' lang='lat' dir='ltr'>res,</span> <span class='ocrx_word' id='word_1_166' title='bbox 949 1712 1020 1770; x_wconf 84' lang='lat' dir='ltr'>quas</span> <span class='ocrx_word' id='word_1_167' title='bbox 1035 1699 1065 1749; x_wconf 88' lang='lat' dir='ltr'>et</span> <span class='ocrx_word' id='word_1_168' title='bbox 1077 1686 1211 1776; x_wconf 71' lang='lat' dir='ltr'>Thebani</span> <span class='ocrx_word' id='word_1_169' title='bbox 1224 1704 1250 1755; x_wconf 81' lang='grc'>91</span> 
     </span>
     <span class='ocr_line' id='line_1_18' title="bbox 153 1774 1254 1854; baseline 0.005 -19"><span class='ocrx_word' id='word_1_170' title='bbox 153 1797 227 1835; x_wconf 81' lang='lat' dir='ltr'>vero</span> <span class='ocrx_word' id='word_1_171' title='bbox 242 1796 342 1835; x_wconf 87' lang='lat' dir='ltr'>omnes</span> <span class='ocrx_word' id='word_1_172' title='bbox 358 1795 431 1834; x_wconf 84' lang='lat' dir='ltr'>cura</span> <span class='ocrx_word' id='word_1_173' title='bbox 450 1796 540 1854; x_wconf 84' lang='lat' dir='ltr'>quana</span> <span class='ocrx_word' id='word_1_174' title='bbox 556 1776 755 1835; x_wconf 82' lang='lat' dir='ltr'>intentissima</span> <span class='ocrx_word' id='word_1_175' title='bbox 772 1774 955 1834; x_wconf 83' lang='lat' dir='ltr'>custodiunt.</span> <span class='ocrx_word' id='word_1_176' title='bbox 989 1778 1079 1836; x_wconf 85' lang='lat' dir='ltr'>Natus</span> <span class='ocrx_word' id='word_1_177' title='bbox 1095 1786 1140 1836; x_wconf 88' lang='lat' dir='ltr'>est</span> <span class='ocrx_word' id='word_1_178' title='bbox 1153 1789 1254 1839; x_wconf 85' lang='lat' dir='ltr'>autom</span> 
     </span>
    </p>
   </div>
   <div class='ocr_carea' id='block_1_7' title="bbox 155 1863 853 1962">
    <p class='ocr_par' dir='ltr' id='par_1_7' title="bbox 155 1863 853 1962">
     <span class='ocr_line' id='line_1_19' title="bbox 155 1863 853 1962; baseline -0.001 -21"><span class='ocrx_word' id='word_1_179' title='bbox 155 1883 299 1942; x_wconf 82' lang='lat' dir='ltr'>articulus</span> <span class='ocrx_word' id='word_1_180' title='bbox 312 1903 328 1940; x_wconf 92' lang='lat' dir='ltr'>e</span> <span class='ocrx_word' id='word_1_181' title='bbox 339 1882 477 1962; x_wconf 85' lang='lat' dir='ltr'>proxima</span> <span class='ocrx_word' id='word_1_182' title='bbox 490 1882 604 1962; x_wconf 81' lang='lat' dir='ltr'>syllaba</span> <span class='ocrx_word' id='word_1_183' title='bbox 622 1863 674 1943; x_wconf 56' lang='grc' dir='ltr'>αἶ.</span> <span class='ocrx_word' id='word_1_184' title='bbox 695 1900 853 1940; x_wconf 68' lang='lat' dir='ltr'>sermasia.</span> 
     </span>
    </p>
   </div>
   <div class='ocr_carea' id='block_1_8' title="bbox 68 1976 1253 2146">
    <p class='ocr_par' dir='ltr' id='par_1_8' title="bbox 68 1976 1253 2146">
     <span class='ocr_line' id='line_1_20' title="bbox 239 1976 1253 2063; baseline -0.001 -15"><span class='ocrx_word' id='word_1_185' title='bbox 239 1984 270 2043; x_wconf 84' lang='lat' dir='ltr'>P·</span> <span class='ocrx_word' id='word_1_186' title='bbox 283 1982 355 2047; x_wconf 82' lang='grc'><strong>800.</strong></span> <span class='ocrx_word' id='word_1_187' title='bbox 367 2001 397 2040; x_wconf 82' lang='lat' dir='ltr'>v·</span> <span class='ocrx_word' id='word_1_188' title='bbox 413 1986 462 2047; x_wconf 87' lang='grc'>11.</span> <span class='ocrx_word' id='word_1_189' title='bbox 484 1976 612 2061; x_wconf 70' lang='grc' dir='ltr'><strong><em>ἅπασιν]</em></strong></span> <span class='ocrx_word' id='word_1_190' title='bbox 636 1985 730 2044; x_wconf 73' lang='grc' dir='ltr'><strong><em>πᾶσιν</em></strong></span> <span class='ocrx_word' id='word_1_191' title='bbox 750 1982 841 2041; x_wconf 83' lang='lat' dir='ltr'>Paris.</span> <span class='ocrx_word' id='word_1_192' title='bbox 852 1981 969 2062; x_wconf 87' lang='lat' dir='ltr'>primus</span> <span class='ocrx_word' id='word_1_193' title='bbox 989 1988 1019 2040; x_wconf 83' lang='lat' dir='ltr'>et</span> <span class='ocrx_word' id='word_1_194' title='bbox 1037 1981 1171 2063; x_wconf 87' lang='lat' dir='ltr'>quintus,</span> <span class='ocrx_word' id='word_1_195' title='bbox 1186 1987 1253 2047; x_wconf 81' lang='lat' dir='ltr'>Au-</span> 
     </span>
     <span class='ocr_line' id='line_1_21' title="bbox 68 2067 1232 2146; baseline -0.001 -18"><span class='ocrx_word' id='word_1_196' title='bbox 68 2076 75 2081; x_wconf 85' lang='grc'><em>“</em></span> <span class='ocrx_word' id='word_1_197' title='bbox 155 2076 230 2146; x_wconf 81' lang='lat' dir='ltr'>gast.</span> <span class='ocrx_word' id='word_1_198' title='bbox 245 2067 363 2146; x_wconf 80' lang='lat' dir='ltr'>primus</span> <span class='ocrx_word' id='word_1_199' title='bbox 376 2074 406 2124; x_wconf 89' lang='lat' dir='ltr'>et</span> <span class='ocrx_word' id='word_1_200' title='bbox 420 2067 575 2132; x_wconf 84' lang='lat' dir='ltr'>secundus.</span> <span class='ocrx_word' id='word_1_201' title='bbox 591 2086 689 2127; x_wconf 75' lang='lat' dir='ltr'>aaran.</span> <span class='ocrx_word' id='word_1_202' title='bbox 710 2069 804 2128; x_wconf 78' lang='grc' dir='ltr'><strong><em>πᾶσιν</em></strong></span> <span class='ocrx_word' id='word_1_203' title='bbox 813 2067 938 2127; x_wconf 86' lang='lat' dir='ltr'>Bekker.</span> <span class='ocrx_word' id='word_1_204' title='bbox 960 2088 1117 2129; x_wconf 78' lang='lat' dir='ltr'>smsssren.</span> <span class='ocrx_word' id='word_1_205' title='bbox 1229 2130 1232 2135; x_wconf 74' lang='grc'><strong>,</strong></span> 
     </span>
    </p>
   </div>
   <div class='ocr_carea' id='block_1_9' title="bbox 238 2144 1250 2250">
    <p class='ocr_par' dir='ltr' id='par_1_9' title="bbox 238 2144 1250 2250">
     <span class='ocr_line' id='line_1_22' title="bbox 238 2144 1250 2250; baseline 0.004 -22"><span class='ocrx_word' id='word_1_206' title='bbox 238 2168 270 2228; x_wconf 84' lang='grc' dir='ltr'>Ρ.</span> <span class='ocrx_word' id='word_1_207' title='bbox 283 2172 355 2235; x_wconf 83' lang='lat'><strong>300.</strong></span> <span class='ocrx_word' id='word_1_208' title='bbox 368 2185 399 2227; x_wconf 85' lang='lat' dir='ltr'>v.</span> <span class='ocrx_word' id='word_1_209' title='bbox 411 2173 461 2235; x_wconf 73' lang='lat'>12·</span> <span class='ocrx_word' id='word_1_210' title='bbox 479 2159 663 2249; x_wconf 74' lang='grc' dir='ltr'><strong><em>Ἀθηναῖοι]</em></strong></span> <span class='ocrx_word' id='word_1_211' title='bbox 700 2167 828 2247; x_wconf 78' lang='grc' dir='ltr'><strong><em>Θηβαῖοι</em></strong></span> <span class='ocrx_word' id='word_1_212' title='bbox 845 2166 928 2228; x_wconf 87' lang='lat' dir='ltr'>Harl.</span> <span class='ocrx_word' id='word_1_213' title='bbox 943 2167 1019 2245; x_wconf 79' lang='lat' dir='ltr'>Alii,</span> <span class='ocrx_word' id='word_1_214' title='bbox 1040 2180 1077 2229; x_wconf 89' lang='lat' dir='ltr'>ut</span> <span class='ocrx_word' id='word_1_215' title='bbox 1089 2171 1163 2232; x_wconf 86' lang='lat' dir='ltr'>Ven.</span> <span class='ocrx_word' id='word_1_216' title='bbox 1177 2144 1250 2250; x_wconf 62' lang='grc'><strong>9111,</strong></span> 
     </span>
    </p>
   </div>
   <div class='ocr_carea' id='block_1_10' title="bbox 41 2245 1146 2335">
    <p class='ocr_par' dir='ltr' id='par_1_10' title="bbox 41 2245 1146 2335">
     <span class='ocr_line' id='line_1_23' title="bbox 41 2245 1146 2335; baseline -0.002 -19"><span class='ocrx_word' id='word_1_217' title='bbox 41 2298 46 2305; x_wconf 87' lang='lat'><em>-</em></span> <span class='ocrx_word' id='word_1_218' title='bbox 152 2245 229 2315; x_wconf 75' lang='lat' dir='ltr'>mai</span> <span class='ocrx_word' id='word_1_219' title='bbox 243 2275 278 2335; x_wconf 79' lang='lat' dir='ltr'>ys</span> <span class='ocrx_word' id='word_1_220' title='bbox 290 2250 372 2333; x_wconf 69' lang='grc' dir='ltr'>ν’μᾶς</span> <span class='ocrx_word' id='word_1_221' title='bbox 385 2255 515 2333; x_wconf 82' lang='grc' dir='ltr'><strong><em>Θηβαῖοι</em></strong></span> <span class='ocrx_word' id='word_1_222' title='bbox 534 2247 635 2334; x_wconf 74' lang='grc' dir='ltr'><strong><em>ὀρθῶς</em></strong></span> <span class='ocrx_word' id='word_1_223' title='bbox 651 2246 810 2331; x_wconf 74' lang='grc' dir='ltr'><strong><em>ἐφάνησαν</em></strong></span> <span class='ocrx_word' id='word_1_224' title='bbox 826 2246 994 2334; x_wconf 65' lang='lat' dir='ltr'>drausius.</span> <span class='ocrx_word' id='word_1_225' title='bbox 1016 2273 1146 2314; x_wconf 76' lang='lat' dir='ltr'>naraon.</span> 
     </span>
    </p>
   </div>
   <div class='ocr_carea' id='block_1_11' title="bbox 79 2348 1355 4064">
    <p class='ocr_par' dir='ltr' id='par_1_11' title="bbox 151 2348 1252 2625">
     <span class='ocr_line' id='line_1_24' title="bbox 237 2348 1251 2436; baseline 0.003 -23"><span class='ocrx_word' id='word_1_226' title='bbox 237 2354 270 2413; x_wconf 92' lang='lat' dir='ltr'>P.</span> <span class='ocrx_word' id='word_1_227' title='bbox 283 2358 354 2419; x_wconf 84' lang='grc'><strong>300.</strong></span> <span class='ocrx_word' id='word_1_228' title='bbox 368 2374 398 2412; x_wconf 76' lang='grc' dir='ltr'>ν.</span> <span class='ocrx_word' id='word_1_229' title='bbox 413 2359 462 2419; x_wconf 77' lang='lat'>12.</span> <span class='ocrx_word' id='word_1_230' title='bbox 481 2351 524 2436; x_wconf 78' lang='grc' dir='ltr'>γε]</span> <span class='ocrx_word' id='word_1_231' title='bbox 546 2348 573 2436; x_wconf 79' lang='grc' dir='ltr'>γ’</span> <span class='ocrx_word' id='word_1_232' title='bbox 586 2353 711 2413; x_wconf 86' lang='lat' dir='ltr'>Bekker.</span> <span class='ocrx_word' id='word_1_233' title='bbox 733 2352 881 2413; x_wconf 86' lang='lat' dir='ltr'>Enelitiea</span> <span class='ocrx_word' id='word_1_234' title='bbox 894 2353 1192 2416; x_wconf 75' lang='lat' dir='ltr'>solitamhle&#39;sedem</span> <span class='ocrx_word' id='word_1_235' title='bbox 1202 2365 1251 2416; x_wconf 87' lang='lat' dir='ltr'>ts·-</span> 
     </span>
     <span class='ocr_line' id='line_1_25' title="bbox 151 2434 1252 2519; baseline 0.004 -22"><span class='ocrx_word' id='word_1_236' title='bbox 151 2445 206 2498; x_wconf 85' lang='lat' dir='ltr'>nst</span> <span class='ocrx_word' id='word_1_237' title='bbox 226 2438 307 2513; x_wconf 80' lang='lat' dir='ltr'>inter</span> <span class='ocrx_word' id='word_1_238' title='bbox 321 2439 574 2519; x_wconf 80' lang='lat' dir='ltr'>praepositionem</span> <span class='ocrx_word' id='word_1_239' title='bbox 592 2458 750 2517; x_wconf 87' lang='lat' dir='ltr'>casumque</span> <span class='ocrx_word' id='word_1_240' title='bbox 769 2459 857 2518; x_wconf 88' lang='lat' dir='ltr'>quem</span> <span class='ocrx_word' id='word_1_241' title='bbox 872 2438 925 2497; x_wconf 85' lang='lat' dir='ltr'>illa</span> <span class='ocrx_word' id='word_1_242' title='bbox 937 2434 1032 2516; x_wconf 83' lang='lat' dir='ltr'>regit,</span> <span class='ocrx_word' id='word_1_243' title='bbox 1044 2441 1111 2499; x_wconf 77' lang='lat' dir='ltr'>‘etsi</span> <span class='ocrx_word' id='word_1_244' title='bbox 1126 2441 1173 2501; x_wconf 85' lang='lat' dir='ltr'>vis</span> <span class='ocrx_word' id='word_1_245' title='bbox 1187 2441 1252 2501; x_wconf 85' lang='lat' dir='ltr'>eius</span> 
     </span>
     <span class='ocr_line' id='line_1_26' title="bbox 155 2523 1232 2625; baseline 0.002 -45"><span class='ocrx_word' id='word_1_246' title='bbox 155 2523 194 2581; x_wconf 89' lang='lat' dir='ltr'>ad</span> <span class='ocrx_word' id='word_1_247' title='bbox 205 2543 310 2583; x_wconf 83' lang='lat' dir='ltr'>vocem</span> <span class='ocrx_word' id='word_1_248' title='bbox 323 2523 528 2606; x_wconf 82' lang='lat' dir='ltr'>insequentem</span> <span class='ocrx_word' id='word_1_249' title='bbox 543 2525 682 2583; x_wconf 76' lang='lat' dir='ltr'>retertun</span> <span class='ocrx_word' id='word_1_250' title='bbox 703 2543 861 2583; x_wconf 72' lang='lat' dir='ltr'>souuerse.</span> <span class='ocrx_word' id='word_1_251' title='bbox 997 2587 1002 2601; x_wconf 42' lang='grc' dir='ltr'><strong><em>Ι</em></strong></span> <span class='ocrx_word' id='word_1_252' title='bbox 1224 2584 1232 2625; x_wconf 82' lang='lat' dir='ltr'>t</span> 
     </span>
    </p>

    <p class='ocr_par' dir='ltr' id='par_1_12' title="bbox 79 2620 1355 4064">
     <span class='ocr_line' id='line_1_27' title="bbox 237 2620 1249 2706; baseline -0.002 -14"><span class='ocrx_word' id='word_1_253' title='bbox 237 2625 270 2682; x_wconf 82' lang='lat' dir='ltr'>P·</span> <span class='ocrx_word' id='word_1_254' title='bbox 285 2628 356 2692; x_wconf 83' lang='grc'><strong>800.</strong></span> <span class='ocrx_word' id='word_1_255' title='bbox 370 2644 400 2683; x_wconf 72' lang='lat' dir='ltr'>V.</span> <span class='ocrx_word' id='word_1_256' title='bbox 418 2629 466 2689; x_wconf 78' lang='lat'>12.</span> <span class='ocrx_word' id='word_1_257' title='bbox 489 2623 594 2705; x_wconf 67' lang='lat' dir='ltr'>aipein]</span> <span class='ocrx_word' id='word_1_258' title='bbox 622 2626 709 2704; x_wconf 82' lang='lat' dir='ltr'>Vulg.</span> <span class='ocrx_word' id='word_1_259' title='bbox 731 2620 820 2705; x_wconf 68' lang='lat' dir='ltr'>ripole.</span> <span class='ocrx_word' id='word_1_260' title='bbox 858 2623 941 2706; x_wconf 68' lang='grc' dir='ltr'>ἡμᾶς</span> <span class='ocrx_word' id='word_1_261' title='bbox 968 2624 1095 2706; x_wconf 56' lang='lat' dir='ltr'>arnust.</span> <span class='ocrx_word' id='word_1_262' title='bbox 1116 2634 1249 2706; x_wconf 73' lang='lat' dir='ltr'>quartus.</span> 
     </span>
     <span class='ocr_line' id='line_1_28' title="bbox 154 2706 1323 2793; baseline 0.003 -26"><span class='ocrx_word' id='word_1_263' title='bbox 154 2708 280 2768; x_wconf 76' lang='lat' dir='ltr'>correxi</span> <span class='ocrx_word' id='word_1_264' title='bbox 298 2709 335 2767; x_wconf 86' lang='lat' dir='ltr'>de</span> <span class='ocrx_word' id='word_1_265' title='bbox 351 2729 417 2768; x_wconf 87' lang='lat' dir='ltr'>meo</span> <span class='ocrx_word' id='word_1_266' title='bbox 435 2729 525 2768; x_wconf 87' lang='lat' dir='ltr'>sensu</span> <span class='ocrx_word' id='word_1_267' title='bbox 537 2709 634 2790; x_wconf 72' lang='grc' dir='ltr'>ὑμῶν.</span> <span class='ocrx_word' id='word_1_268' title='bbox 656 2710 693 2768; x_wconf 87' lang='lat' dir='ltr'>de</span> <span class='ocrx_word' id='word_1_269' title='bbox 710 2711 794 2771; x_wconf 73' lang='lat' dir='ltr'>vobis</span> <span class='ocrx_word' id='word_1_270' title='bbox 810 2709 999 2769; x_wconf 74' lang='lat' dir='ltr'>iudicarunt.</span> <span class='ocrx_word' id='word_1_271' title='bbox 1022 2706 1097 2774; x_wconf 77' lang='lat' dir='ltr'>uesci</span> <span class='ocrx_word' id='word_1_272' title='bbox 1111 2732 1179 2771; x_wconf 87' lang='lat' dir='ltr'>cnm</span> <span class='ocrx_word' id='word_1_273' title='bbox 1196 2724 1250 2793; x_wconf 60' lang='grc'><strong>89·-</strong></span> <span class='ocrx_word' id='word_1_274' title='bbox 1317 2762 1323 2785; x_wconf 86' lang='grc'><strong><em>,</em></strong></span> 
     </span>
     <span class='ocr_line' id='line_1_29' title="bbox 151 2792 1250 2874; baseline 0.006 -23"><span class='ocrx_word' id='word_1_275' title='bbox 151 2792 249 2853; x_wconf 71' lang='lat' dir='ltr'>nitiw</span> <span class='ocrx_word' id='word_1_276' title='bbox 262 2813 325 2852; x_wconf 89' lang='lat' dir='ltr'>non</span> <span class='ocrx_word' id='word_1_277' title='bbox 340 2814 456 2874; x_wconf 83' lang='lat' dir='ltr'>semper</span> <span class='ocrx_word' id='word_1_278' title='bbox 467 2803 512 2852; x_wconf 87' lang='lat' dir='ltr'>est</span> <span class='ocrx_word' id='word_1_279' title='bbox 526 2793 690 2871; x_wconf 82' lang='lat' dir='ltr'>aduersus,</span> <span class='ocrx_word' id='word_1_280' title='bbox 716 2795 750 2854; x_wconf 91' lang='lat' dir='ltr'>in</span> <span class='ocrx_word' id='word_1_281' title='bbox 770 2795 906 2855; x_wconf 80' lang='lat' dir='ltr'>fraudem</span> <span class='ocrx_word' id='word_1_282' title='bbox 921 2796 1048 2856; x_wconf 86' lang='lat' dir='ltr'>alicuius</span> <span class='ocrx_word' id='word_1_283' title='bbox 1056 2842 1066 2873; x_wconf 90' lang='lat'>,</span> <span class='ocrx_word' id='word_1_284' title='bbox 1092 2798 1144 2856; x_wconf 88' lang='lat' dir='ltr'>sed</span> <span class='ocrx_word' id='word_1_285' title='bbox 1160 2797 1250 2858; x_wconf 88' lang='lat' dir='ltr'>etiam</span> 
     </span>
     <span class='ocr_line' id='line_1_30' title="bbox 88 2875 1250 2960; baseline 0.007 -24"><span class='ocrx_word' id='word_1_286' title='bbox 88 2905 93 2916; x_wconf 69' lang='grc'><strong><em>’</em></strong></span> <span class='ocrx_word' id='word_1_287' title='bbox 152 2878 292 2937; x_wconf 82' lang='lat' dir='ltr'>universe</span> <span class='ocrx_word' id='word_1_288' title='bbox 309 2875 346 2935; x_wconf 75' lang='lat' dir='ltr'>de</span> <span class='ocrx_word' id='word_1_289' title='bbox 368 2879 485 2958; x_wconf 86' lang='lat' dir='ltr'>aliquo,</span> <span class='ocrx_word' id='word_1_290' title='bbox 508 2880 596 2941; x_wconf 87' lang='lat' dir='ltr'>etiam</span> <span class='ocrx_word' id='word_1_291' title='bbox 617 2881 655 2938; x_wconf 89' lang='lat' dir='ltr'>ad</span> <span class='ocrx_word' id='word_1_292' title='bbox 675 2880 813 2956; x_wconf 88' lang='lat' dir='ltr'>laudem,</span> <span class='ocrx_word' id='word_1_293' title='bbox 833 2889 870 2939; x_wconf 90' lang='lat' dir='ltr'>ut</span> <span class='ocrx_word' id='word_1_294' title='bbox 884 2879 914 2938; x_wconf 89' lang='lat' dir='ltr'>h.</span> <span class='ocrx_word' id='word_1_295' title='bbox 928 2879 950 2939; x_wconf 88' lang='lat' dir='ltr'>l.</span> <span class='ocrx_word' id='word_1_296' title='bbox 964 2900 1060 2941; x_wconf 70' lang='lat' dir='ltr'>atrax.</span> <span class='ocrx_word' id='word_1_297' title='bbox 1081 2879 1250 2960; x_wconf 67' lang='lat' dir='ltr'>eludebant</span> 
     </span>
     <span class='ocr_line' id='line_1_31' title="bbox 151 2961 1269 3044; baseline 0.004 -23"><span class='ocrx_word' id='word_1_298' title='bbox 151 2972 334 3022; x_wconf 78' lang='lat' dir='ltr'>revocarant</span> <span class='ocrx_word' id='word_1_299' title='bbox 348 2961 553 3041; x_wconf 69' lang='lat' dir='ltr'>Wunderlioh.</span> <span class='ocrx_word' id='word_1_300' title='bbox 571 2973 601 3023; x_wconf 87' lang='lat' dir='ltr'>et</span> <span class='ocrx_word' id='word_1_301' title='bbox 613 2964 738 3024; x_wconf 83' lang='lat' dir='ltr'>Bekker.</span> <span class='ocrx_word' id='word_1_302' title='bbox 760 2964 815 3024; x_wconf 89' lang='grc'><strong>1119</strong></span> <span class='ocrx_word' id='word_1_303' title='bbox 826 2965 940 3039; x_wconf 85' lang='lat' dir='ltr'>‚,Nos“</span> <span class='ocrx_word' id='word_1_304' title='bbox 955 2967 1056 3043; x_wconf 83' lang='lat' dir='ltr'>inquit</span> <span class='ocrx_word' id='word_1_305' title='bbox 1071 2967 1249 3044; x_wconf 66' lang='lat' dir='ltr'>„uulgum</span> <span class='ocrx_word' id='word_1_306' title='bbox 1267 2967 1269 2972; x_wconf 35' lang='lat'>⁸</span> 
     </span>
     <span class='ocr_line' id='line_1_32' title="bbox 152 3046 1250 3129; baseline 0.004 -25"><span class='ocrx_word' id='word_1_307' title='bbox 152 3046 387 3127; x_wconf 77' lang='lat' dir='ltr'>interpretamur</span> <span class='ocrx_word' id='word_1_308' title='bbox 405 3059 559 3115; x_wconf 56' lang='lat' dir='ltr'>semestre</span> <span class='ocrx_word' id='word_1_309' title='bbox 583 3048 706 3129; x_wconf 80' lang='lat' dir='ltr'>quidem</span> <span class='ocrx_word' id='word_1_310' title='bbox 727 3052 848 3129; x_wconf 78' lang='lat' dir='ltr'>ingenio</span> <span class='ocrx_word' id='word_1_311' title='bbox 869 3060 946 3106; x_wconf 84' lang='lat' dir='ltr'>recte</span> <span class='ocrx_word' id='word_1_312' title='bbox 971 3049 1127 3107; x_wconf 78' lang='lat' dir='ltr'>iudicasse</span> <span class='ocrx_word' id='word_1_313' title='bbox 1147 3068 1250 3127; x_wconf 71' lang='lat' dir='ltr'>appa·</span> 
     </span>
     <span class='ocr_line' id='line_1_33' title="bbox 153 3126 1248 3214; baseline 0.005 -26"><span class='ocrx_word' id='word_1_314' title='bbox 153 3134 225 3190; x_wconf 80' lang='lat' dir='ltr'>ruit.</span> <span class='ocrx_word' id='word_1_315' title='bbox 232 3135 252 3165; x_wconf 86' lang='lat'><strong>“</strong></span> <span class='ocrx_word' id='word_1_316' title='bbox 276 3133 425 3192; x_wconf 83' lang='lat' dir='ltr'>Weiskiuo</span> <span class='ocrx_word' id='word_1_317' title='bbox 448 3133 485 3192; x_wconf 88' lang='lat' dir='ltr'>de</span> <span class='ocrx_word' id='word_1_318' title='bbox 501 3133 633 3214; x_wconf 84' lang='lat' dir='ltr'>Hyperb.</span> <span class='ocrx_word' id='word_1_319' title='bbox 647 3126 696 3192; x_wconf 91' lang='grc'><strong>111.</strong></span> <span class='ocrx_word' id='word_1_320' title='bbox 715 3154 781 3213; x_wconf 80' lang='lat' dir='ltr'>pag.</span> <span class='ocrx_word' id='word_1_321' title='bbox 798 3137 844 3198; x_wconf 86' lang='lat'>9.:</span> <span class='ocrx_word' id='word_1_322' title='bbox 868 3132 1042 3210; x_wconf 82' lang='lat' dir='ltr'>,‚Reiskius,</span> <span class='ocrx_word' id='word_1_323' title='bbox 1065 3153 1129 3190; x_wconf 91' lang='lat' dir='ltr'>non</span> <span class='ocrx_word' id='word_1_324' title='bbox 1142 3134 1248 3193; x_wconf 82' lang='lat' dir='ltr'>videns</span> 
     </span>
     <span class='ocr_line' id='line_1_34' title="bbox 150 3209 1249 3299; baseline -0.001 -21"><span class='ocrx_word' id='word_1_325' title='bbox 150 3210 225 3278; x_wconf 77' lang='grc' dir='ltr'>καθ’</span> <span class='ocrx_word' id='word_1_326' title='bbox 236 3214 317 3297; x_wconf 71' lang='grc' dir='ltr'>ὑμᾶς</span> <span class='ocrx_word' id='word_1_327' title='bbox 332 3237 393 3275; x_wconf 85' lang='lat' dir='ltr'>esse</span> <span class='ocrx_word' id='word_1_328' title='bbox 405 3215 425 3275; x_wconf 91' lang='lat' dir='ltr'>i.</span> <span class='ocrx_word' id='word_1_329' title='bbox 440 3239 467 3297; x_wconf 76' lang='lat' dir='ltr'>q·</span> <span class='ocrx_word' id='word_1_330' title='bbox 485 3213 560 3280; x_wconf 78' lang='grc' dir='ltr'><strong><em>ὅσον</em></strong></span> <span class='ocrx_word' id='word_1_331' title='bbox 571 3209 612 3299; x_wconf 76' lang='grc' dir='ltr'>ἦν</span> <span class='ocrx_word' id='word_1_332' title='bbox 624 3210 672 3296; x_wconf 77' lang='grc' dir='ltr'>ἐφ’</span> <span class='ocrx_word' id='word_1_333' title='bbox 685 3216 770 3298; x_wconf 68' lang='grc' dir='ltr'><strong><em>ύμῖν,</em></strong></span> <span class='ocrx_word' id='word_1_334' title='bbox 784 3211 990 3296; x_wconf 77' lang='lat' dir='ltr'>scripsituoaei</span> <span class='ocrx_word' id='word_1_335' title='bbox 1002 3239 1036 3298; x_wconf 80' lang='grc' dir='ltr'>γε</span> <span class='ocrx_word' id='word_1_336' title='bbox 1046 3214 1150 3295; x_wconf 70' lang='grc' dir='ltr'><strong><em>ὑμῶν,</em></strong></span> <span class='ocrx_word' id='word_1_337' title='bbox 1169 3226 1249 3277; x_wconf 82' lang='lat' dir='ltr'>osts-</span> 
     </span>
     <span class='ocr_line' id='line_1_35' title="bbox 150 3297 1258 3384; baseline 0.003 -24"><span class='ocrx_word' id='word_1_338' title='bbox 150 3301 230 3360; x_wconf 85' lang='lat' dir='ltr'>risco</span> <span class='ocrx_word' id='word_1_339' title='bbox 244 3309 346 3360; x_wconf 86' lang='lat' dir='ltr'>tamen</span> <span class='ocrx_word' id='word_1_340' title='bbox 360 3303 487 3373; x_wconf 80' lang='grc' dir='ltr'><strong><em>νοθείας</em></strong></span> <span class='ocrx_word' id='word_1_341' title='bbox 500 3297 584 3381; x_wconf 80' lang='lat' dir='ltr'>sigsio</span> <span class='ocrx_word' id='word_1_342' title='bbox 597 3311 626 3361; x_wconf 88' lang='lat' dir='ltr'>et</span> <span class='ocrx_word' id='word_1_343' title='bbox 632 3299 716 3380; x_wconf 87' lang='lat' dir='ltr'>quasi</span> <span class='ocrx_word' id='word_1_344' title='bbox 728 3301 823 3384; x_wconf 86' lang='lat' dir='ltr'>pharo</span> <span class='ocrx_word' id='word_1_345' title='bbox 834 3301 972 3380; x_wconf 86' lang='lat' dir='ltr'>apposito</span> <span class='ocrx_word' id='word_1_346' title='bbox 987 3301 1119 3381; x_wconf 84' lang='lat' dir='ltr'>scopulis</span> <span class='ocrx_word' id='word_1_347' title='bbox 1131 3300 1168 3360; x_wconf 86' lang='lat' dir='ltr'>ab</span> <span class='ocrx_word' id='word_1_348' title='bbox 1182 3301 1258 3384; x_wconf 77' lang='lat' dir='ltr'>ipsa&#39;</span> 
     </span>
     <span class='ocr_line' id='line_1_36' title="bbox 151 3380 1355 3489; baseline 0.003 -45"><span class='ocrx_word' id='word_1_349' title='bbox 151 3385 227 3445; x_wconf 82' lang='lat' dir='ltr'>mari</span> <span class='ocrx_word' id='word_1_350' title='bbox 243 3382 317 3445; x_wconf 87' lang='lat' dir='ltr'>huic</span> <span class='ocrx_word' id='word_1_351' title='bbox 332 3384 505 3445; x_wconf 85' lang='lat' dir='ltr'>immissis.“</span> <span class='ocrx_word' id='word_1_352' title='bbox 526 3380 603 3449; x_wconf 72' lang='grc' dir='ltr'><strong><em>κατά</em></strong></span> <span class='ocrx_word' id='word_1_353' title='bbox 622 3408 656 3468; x_wconf 79' lang='grc' dir='ltr'>γε</span> <span class='ocrx_word' id='word_1_354' title='bbox 673 3385 756 3489; x_wconf 54' lang='grc' dir='ltr'>ὑμᾶς</span> <span class='ocrx_word' id='word_1_355' title='bbox 774 3395 818 3444; x_wconf 88' lang='lat' dir='ltr'>est</span> <span class='ocrx_word' id='word_1_356' title='bbox 841 3384 927 3465; x_wconf 82' lang='lat' dir='ltr'>quod</span> <span class='ocrx_word' id='word_1_357' title='bbox 948 3407 1004 3443; x_wconf 84' lang='lat' dir='ltr'>vos</span> <span class='ocrx_word' id='word_1_358' title='bbox 1026 3386 1149 3466; x_wconf 81' lang='lat' dir='ltr'>quidem</span> <span class='ocrx_word' id='word_1_359' title='bbox 1171 3391 1248 3449; x_wconf 83' lang='lat' dir='ltr'>otti·</span> <span class='ocrx_word' id='word_1_360' title='bbox 1352 3404 1355 3411; x_wconf 87' lang='lat'>&#39;</span> 
     </span>
     <span class='ocr_line' id='line_1_37' title="bbox 151 3468 1288 3553; baseline 0.003 -25"><span class='ocrx_word' id='word_1_361' title='bbox 151 3481 216 3546; x_wconf 81' lang='lat' dir='ltr'>net,</span> <span class='ocrx_word' id='word_1_362' title='bbox 238 3469 373 3531; x_wconf 76' lang='lat' dir='ltr'>devehis</span> <span class='ocrx_word' id='word_1_363' title='bbox 384 3469 521 3552; x_wconf 75' lang='lat' dir='ltr'>quidun,</span> <span class='ocrx_word' id='word_1_364' title='bbox 547 3472 567 3530; x_wconf 92' lang='lat' dir='ltr'>i.</span> <span class='ocrx_word' id='word_1_365' title='bbox 583 3494 611 3551; x_wconf 88' lang='lat' dir='ltr'>q.</span> <span class='ocrx_word' id='word_1_366' title='bbox 623 3493 698 3535; x_wconf 78' lang='grc' dir='ltr'><strong><em>κατα</em></strong></span> <span class='ocrx_word' id='word_1_367' title='bbox 711 3490 746 3553; x_wconf 80' lang='lat' dir='ltr'>ys</span> <span class='ocrx_word' id='word_1_368' title='bbox 756 3468 856 3551; x_wconf 73' lang='grc' dir='ltr'>ίμῶνε</span> <span class='ocrx_word' id='word_1_369' title='bbox 878 3479 913 3529; x_wconf 92' lang='lat' dir='ltr'>ut</span> <span class='ocrx_word' id='word_1_370' title='bbox 926 3471 1039 3530; x_wconf 83' lang='lat' dir='ltr'>Reiskii</span> <span class='ocrx_word' id='word_1_371' title='bbox 1063 3471 1246 3549; x_wconf 61' lang='lat' dir='ltr'>coniectare,</span> <span class='ocrx_word' id='word_1_372' title='bbox 1285 3546 1288 3551; x_wconf 22' lang='grc' dir='ltr'>ι</span> 
     </span>
     <span class='ocr_line' id='line_1_38' title="bbox 152 3554 1247 3637; baseline 0.003 -24"><span class='ocrx_word' id='word_1_373' title='bbox 152 3555 310 3614; x_wconf 87' lang='lat' dir='ltr'>sisensum</span> <span class='ocrx_word' id='word_1_374' title='bbox 322 3568 451 3636; x_wconf 87' lang='lat' dir='ltr'>spectes,</span> <span class='ocrx_word' id='word_1_375' title='bbox 476 3578 494 3615; x_wconf 90' lang='lat' dir='ltr'>a</span> <span class='ocrx_word' id='word_1_376' title='bbox 510 3557 632 3635; x_wconf 78' lang='lat' dir='ltr'>vulgata</span> <span class='ocrx_word' id='word_1_377' title='bbox 653 3575 750 3635; x_wconf 85' lang='lat' dir='ltr'>neque</span> <span class='ocrx_word' id='word_1_378' title='bbox 767 3554 865 3615; x_wconf 87' lang='lat' dir='ltr'>hilum</span> <span class='ocrx_word' id='word_1_379' title='bbox 876 3555 1040 3637; x_wconf 86' lang='lat' dir='ltr'>discrepet.</span> <span class='ocrx_word' id='word_1_380' title='bbox 1073 3557 1141 3630; x_wconf 88' lang='lat' dir='ltr'>Quo</span> <span class='ocrx_word' id='word_1_381' title='bbox 1154 3557 1247 3636; x_wconf 78' lang='lat' dir='ltr'>magis</span> 
     </span>
     <span class='ocr_line' id='line_1_39' title="bbox 150 3639 1324 3721; baseline 0 -22"><span class='ocrx_word' id='word_1_382' title='bbox 150 3639 223 3699; x_wconf 88' lang='lat' dir='ltr'>lieet</span> <span class='ocrx_word' id='word_1_383' title='bbox 236 3640 401 3700; x_wconf 83' lang='lat' dir='ltr'>Weiskium</span> <span class='ocrx_word' id='word_1_384' title='bbox 410 3685 418 3717; x_wconf 92' lang='lat'><em>,</em></span> <span class='ocrx_word' id='word_1_385' title='bbox 438 3643 507 3701; x_wconf 88' lang='lat' dir='ltr'>loco</span> <span class='ocrx_word' id='word_1_386' title='bbox 523 3661 586 3702; x_wconf 90' lang='lat' dir='ltr'>non</span> <span class='ocrx_word' id='word_1_387' title='bbox 598 3640 767 3717; x_wconf 86' lang='lat' dir='ltr'>intellecto,</span> <span class='ocrx_word' id='word_1_388' title='bbox 790 3661 897 3721; x_wconf 74' lang='lat' dir='ltr'>panon</span> <span class='ocrx_word' id='word_1_389' title='bbox 916 3639 1088 3702; x_wconf 82' lang='lat' dir='ltr'>humaniter</span> <span class='ocrx_word' id='word_1_390' title='bbox 1099 3642 1247 3702; x_wconf 54' lang='lat' dir='ltr'>invehas*</span> <span class='ocrx_word' id='word_1_391' title='bbox 1318 3688 1324 3699; x_wconf 89' lang='grc'><em>,</em></span> 
     </span>
     <span class='ocr_line' id='line_1_40' title="bbox 79 3724 1246 3807; baseline 0.002 -24"><span class='ocrx_word' id='word_1_392' title='bbox 79 3784 86 3793; x_wconf 82' lang='grc'>,</span> <span class='ocrx_word' id='word_1_393' title='bbox 110 3730 116 3735; x_wconf 87' lang='grc'><strong>’</strong></span> <span class='ocrx_word' id='word_1_394' title='bbox 150 3731 213 3783; x_wconf 84' lang='lat' dir='ltr'>tem</span> <span class='ocrx_word' id='word_1_395' title='bbox 228 3724 262 3785; x_wconf 91' lang='lat' dir='ltr'>in</span> <span class='ocrx_word' id='word_1_396' title='bbox 277 3725 376 3785; x_wconf 73' lang='lat' dir='ltr'>vuum</span> <span class='ocrx_word' id='word_1_397' title='bbox 389 3747 536 3787; x_wconf 88' lang='lat' dir='ltr'>summum</span> <span class='ocrx_word' id='word_1_398' title='bbox 547 3727 680 3797; x_wconf 74' lang='lat' dir='ltr'>vicissim</span> <span class='ocrx_word' id='word_1_399' title='bbox 693 3726 858 3807; x_wconf 83' lang='lat' dir='ltr'>inerepare.</span> <span class='ocrx_word' id='word_1_400' title='bbox 887 3726 1077 3806; x_wconf 68' lang='lat' dir='ltr'>Quanquam</span> <span class='ocrx_word' id='word_1_401' title='bbox 1089 3725 1140 3787; x_wconf 88' lang='lat' dir='ltr'>hio</span> <span class='ocrx_word' id='word_1_402' title='bbox 1152 3726 1246 3786; x_wconf 87' lang='lat' dir='ltr'>ludus</span> 
     </span>
     <span class='ocr_line' id='line_1_41' title="bbox 149 3808 1316 3892; baseline -0.002 -22"><span class='ocrx_word' id='word_1_403' title='bbox 149 3808 295 3889; x_wconf 80' lang='lat' dir='ltr'>iocosque</span> <span class='ocrx_word' id='word_1_404' title='bbox 311 3811 416 3870; x_wconf 82' lang='lat' dir='ltr'>multis</span> <span class='ocrx_word' id='word_1_405' title='bbox 435 3813 573 3872; x_wconf 80' lang='lat' dir='ltr'>videatur</span> <span class='ocrx_word' id='word_1_406' title='bbox 583 3820 692 3892; x_wconf 83' lang='lat' dir='ltr'>praeut</span> <span class='ocrx_word' id='word_1_407' title='bbox 708 3811 790 3890; x_wconf 89' lang='lat' dir='ltr'>quod</span> <span class='ocrx_word' id='word_1_408' title='bbox 805 3811 843 3870; x_wconf 87' lang='lat' dir='ltr'>ds</span> <span class='ocrx_word' id='word_1_409' title='bbox 859 3810 978 3870; x_wconf 84' lang='lat' dir='ltr'>Reiskio</span> <span class='ocrx_word' id='word_1_410' title='bbox 990 3809 1114 3890; x_wconf 83' lang='lat' dir='ltr'>scripsit</span> <span class='ocrx_word' id='word_1_411' title='bbox 1128 3808 1201 3869; x_wconf 76' lang='lat' dir='ltr'>ibid.</span> <span class='ocrx_word' id='word_1_412' title='bbox 1215 3832 1247 3891; x_wconf 90' lang='lat' dir='ltr'>p.</span> <span class='ocrx_word' id='word_1_413' title='bbox 1313 3820 1316 3825; x_wconf 60' lang='lat'><strong>⁴</strong></span> 
     </span>
     <span class='ocr_line' id='line_1_42' title="bbox 151 3893 1247 3979; baseline -0.005 -20"><span class='ocrx_word' id='word_1_414' title='bbox 151 3898 212 3969; x_wconf 88' lang='grc'><strong>11.,</strong></span> <span class='ocrx_word' id='word_1_415' title='bbox 230 3895 284 3954; x_wconf 89' lang='lat' dir='ltr'>ubi</span> <span class='ocrx_word' id='word_1_416' title='bbox 297 3897 393 3979; x_wconf 83' lang='grc' dir='ltr'><strong><em>μυρία</em></strong></span> <span class='ocrx_word' id='word_1_417' title='bbox 407 3918 438 3976; x_wconf 86' lang='lat' dir='ltr'>p.</span> <span class='ocrx_word' id='word_1_418' title='bbox 455 3901 529 3974; x_wconf 72' lang='lat'><strong>897,</strong></span> <span class='ocrx_word' id='word_1_419' title='bbox 543 3902 594 3964; x_wconf 77' lang='lat'>28.</span> <span class='ocrx_word' id='word_1_420' title='bbox 609 3906 723 3956; x_wconf 84' lang='lat' dir='ltr'>tutatus</span> <span class='ocrx_word' id='word_1_421' title='bbox 743 3897 885 3955; x_wconf 78' lang='lat' dir='ltr'>adversus</span> <span class='ocrx_word' id='word_1_422' title='bbox 904 3897 1018 3978; x_wconf 80' lang='grc' dir='ltr'><strong><em>μωρία,</em></strong></span> <span class='ocrx_word' id='word_1_423' title='bbox 1038 3894 1121 3973; x_wconf 87' lang='lat' dir='ltr'>quod</span> <span class='ocrx_word' id='word_1_424' title='bbox 1140 3893 1193 3952; x_wconf 90' lang='grc'><strong>1119</strong></span> <span class='ocrx_word' id='word_1_425' title='bbox 1212 3894 1247 3954; x_wconf 87' lang='lat' dir='ltr'>in</span> 
     </span>
     <span class='ocr_line' id='line_1_43' title="bbox 150 3977 1247 4064; baseline 0.001 -26"><span class='ocrx_word' id='word_1_426' title='bbox 150 3987 268 4039; x_wconf 79' lang='lat' dir='ltr'>textum</span> <span class='ocrx_word' id='word_1_427' title='bbox 284 3979 321 4040; x_wconf 86' lang='lat' dir='ltr'>de</span> <span class='ocrx_word' id='word_1_428' title='bbox 335 3999 388 4040; x_wconf 88' lang='lat' dir='ltr'>suo</span> <span class='ocrx_word' id='word_1_429' title='bbox 399 3981 512 4058; x_wconf 87' lang='lat' dir='ltr'>intulit,</span> <span class='ocrx_word' id='word_1_430' title='bbox 533 4025 553 4057; x_wconf 91' lang='lat'>„</span> <span class='ocrx_word' id='word_1_431' title='bbox 560 3983 675 4064; x_wconf 81' lang='grc' dir='ltr'><strong><em>μωρίαν</em></strong></span> <span class='ocrx_word' id='word_1_432' title='bbox 690 3983 800 4040; x_wconf 82' lang='lat' dir='ltr'>suarn“</span> <span class='ocrx_word' id='word_1_433' title='bbox 822 3980 922 4058; x_wconf 84' lang='lat' dir='ltr'>lnquit</span> <span class='ocrx_word' id='word_1_434' title='bbox 942 3977 1028 4056; x_wconf 83' lang='lat' dir='ltr'>„sibi</span> <span class='ocrx_word' id='word_1_435' title='bbox 1037 3978 1149 4037; x_wconf 74' lang='lat' dir='ltr'>lrabeat</span> <span class='ocrx_word' id='word_1_436' title='bbox 1159 3979 1247 4039; x_wconf 80' lang='lat' dir='ltr'>Reis-</span> 
     </span>
    </p>
   </div>
   <div class='ocr_carea' id='block_1_12' title="bbox 150 4061 1373 4145">
    <p class='ocr_par' dir='ltr' id='par_1_13' title="bbox 150 4061 1373 4145">
     <span class='ocr_line' id='line_1_44' title="bbox 150 4061 1373 4145; baseline 0.002 -22"><span class='ocrx_word' id='word_1_437' title='bbox 150 4063 258 4131; x_wconf 76' lang='lat' dir='ltr'>kius.‘‚‘</span> <span class='ocrx_word' id='word_1_438' title='bbox 279 4064 340 4125; x_wconf 71' lang='lat' dir='ltr'>saal</span> <span class='ocrx_word' id='word_1_439' title='bbox 354 4064 519 4142; x_wconf 84' lang='lat' dir='ltr'>Weiskius,</span> <span class='ocrx_word' id='word_1_440' title='bbox 544 4066 668 4145; x_wconf 85' lang='lat' dir='ltr'>opinor,</span> <span class='ocrx_word' id='word_1_441' title='bbox 692 4066 729 4124; x_wconf 88' lang='lat' dir='ltr'>de</span> <span class='ocrx_word' id='word_1_442' title='bbox 752 4062 942 4125; x_wconf 82' lang='lat' dir='ltr'>solalleiskii</span> <span class='ocrx_word' id='word_1_443' title='bbox 961 4063 1132 4124; x_wconf 76' lang='lat' dir='ltr'>coniectura</span> <span class='ocrx_word' id='word_1_444' title='bbox 1145 4061 1258 4143; x_wconf 65' lang='lat' dir='ltr'>loqoi7,</span> <span class='ocrx_word' id='word_1_445' title='bbox 1371 4101 1373 4104; x_wconf 58' lang='lat'>&gt;</span> 
     </span>
    </p>
   </div>
   <div class='ocr_carea' id='block_1_13' title="bbox 38 4147 1381 4231">
    <p class='ocr_par' dir='ltr' id='par_1_14' title="bbox 38 4147 1381 4231">
     <span class='ocr_line' id='line_1_45' title="bbox 38 4147 1381 4231; baseline 0.001 -24"><span class='ocrx_word' id='word_1_446' title='bbox 38 4190 43 4196; x_wconf 77' lang='lat'><strong>·</strong></span> <span class='ocrx_word' id='word_1_447' title='bbox 151 4157 220 4225; x_wconf 86' lang='lat' dir='ltr'>tur,</span> <span class='ocrx_word' id='word_1_448' title='bbox 242 4168 332 4229; x_wconf 85' lang='lat' dir='ltr'>quam</span> <span class='ocrx_word' id='word_1_449' title='bbox 345 4149 403 4209; x_wconf 90' lang='lat' dir='ltr'>sibi</span> <span class='ocrx_word' id='word_1_450' title='bbox 419 4150 507 4209; x_wconf 87' lang='lat' dir='ltr'>illum</span> <span class='ocrx_word' id='word_1_451' title='bbox 520 4149 630 4209; x_wconf 86' lang='lat' dir='ltr'>habere</span> <span class='ocrx_word' id='word_1_452' title='bbox 642 4151 840 4230; x_wconf 88' lang='lat' dir='ltr'>sepulcroque</span> <span class='ocrx_word' id='word_1_453' title='bbox 855 4157 975 4208; x_wconf 81' lang='lat' dir='ltr'>servare</span> <span class='ocrx_word' id='word_1_454' title='bbox 990 4147 1086 4208; x_wconf 87' lang='lat' dir='ltr'>iubet:</span> <span class='ocrx_word' id='word_1_455' title='bbox 1102 4169 1173 4209; x_wconf 87' lang='lat' dir='ltr'>nam</span> <span class='ocrx_word' id='word_1_456' title='bbox 1186 4173 1270 4231; x_wconf 80' lang='grc' dir='ltr'><strong>μω..</strong></span> <span class='ocrx_word' id='word_1_457' title='bbox 1379 4204 1381 4208; x_wconf 79' lang='grc'>,</span> 
     </span>
    </p>
   </div>
   <div class='ocr_carea' id='block_1_14' title="bbox 151 4232 1246 4415">
    <p class='ocr_par' dir='ltr' id='par_1_15' title="bbox 151 4232 1246 4415">
     <span class='ocr_line' id='line_1_46' title="bbox 152 4232 1244 4317; baseline -0.002 -21"><span class='ocrx_word' id='word_1_458' title='bbox 152 4233 223 4315; x_wconf 80' lang='grc' dir='ltr'><strong><em>ρίαν</em></strong></span> <span class='ocrx_word' id='word_1_459' title='bbox 234 4233 320 4295; x_wconf 85' lang='lat' dir='ltr'>heroi</span> <span class='ocrx_word' id='word_1_460' title='bbox 335 4236 516 4317; x_wconf 83' lang='lat' dir='ltr'>exprobrare</span> <span class='ocrx_word' id='word_1_461' title='bbox 526 4235 630 4294; x_wconf 86' lang='lat' dir='ltr'>deceat</span> <span class='ocrx_word' id='word_1_462' title='bbox 640 4244 693 4293; x_wconf 90' lang='lat' dir='ltr'>aut</span> <span class='ocrx_word' id='word_1_463' title='bbox 702 4233 853 4295; x_wconf 85' lang='lat' dir='ltr'>hominem</span> <span class='ocrx_word' id='word_1_464' title='bbox 866 4233 977 4312; x_wconf 77' lang='lat' dir='ltr'>ingenii</span> <span class='ocrx_word' id='word_1_465' title='bbox 989 4232 1143 4293; x_wconf 78' lang='lat' dir='ltr'>Reiskiani</span> <span class='ocrx_word' id='word_1_466' title='bbox 1154 4256 1244 4315; x_wconf 84' lang='lat' dir='ltr'>pror·</span> 
     </span>
     <span class='ocr_line' id='line_1_47' title="bbox 151 4317 1246 4415; baseline 0.002 -37"><span class='ocrx_word' id='word_1_467' title='bbox 151 4336 203 4378; x_wconf 85' lang='lat' dir='ltr'>eus</span> <span class='ocrx_word' id='word_1_468' title='bbox 222 4318 360 4399; x_wconf 70' lang='lat' dir='ltr'>ignarum</span> <span class='ocrx_word' id='word_1_469' title='bbox 380 4330 432 4383; x_wconf 82' lang='lat' dir='ltr'>ant</span> <span class='ocrx_word' id='word_1_470' title='bbox 444 4342 478 4383; x_wconf 83' lang='lat' dir='ltr'>os</span> <span class='ocrx_word' id='word_1_471' title='bbox 497 4319 742 4402; x_wconf 75' lang='lat' dir='ltr'>impurissimam.</span> <span class='ocrx_word' id='word_1_472' title='bbox 770 4319 893 4379; x_wconf 72' lang='lat' dir='ltr'>lnmrim</span> <span class='ocrx_word' id='word_1_473' title='bbox 912 4317 1012 4415; x_wconf 24' lang='lat' dir='ltr'>&#39;tutius</span> <span class='ocrx_word' id='word_1_474' title='bbox 1031 4327 1077 4379; x_wconf 83' lang='lat' dir='ltr'>eat</span> <span class='ocrx_word' id='word_1_475' title='bbox 1098 4319 1246 4381; x_wconf 82' lang='lat' dir='ltr'>abstinere</span> 
     </span>
    </p>
   </div>
   <div class='ocr_carea' id='block_1_15' title="bbox 948 4437 1043 4527">
    <p class='ocr_par' dir='ltr' id='par_1_16' title="bbox 948 4437 1043 4527">
     <span class='ocr_line' id='line_1_48' title="bbox 948 4437 1043 4527; baseline 0.053 -25"><span class='ocrx_word' id='word_1_476' title='bbox 948 4437 1043 4527; x_wconf 39' lang='lat' dir='ltr'>,aa</span> 
     </span>
    </p>
   </div>
   <div class='ocr_carea' id='block_1_16' title="bbox 0 0 1392 4740">
    <p class='ocr_par' dir='ltr' id='par_1_17' title="bbox 0 0 1392 4740">
     <span class='ocr_line' id='line_1_49' title="bbox 0 0 1392 4740; baseline 0 2"><span class='ocrx_word' id='word_1_477' title='bbox 0 0 1392 4740; x_wconf 95' lang='lat' dir='ltr'> </span> 
     </span>
    </p>
   </div>
  </div>
 </body>
</html>
