2774 4740
165 224 230 289 m
511 215 920 280 ‘t-ttrtortrtotuts·
957 235 960 241 ¹
1006 299 1010 308 Ι

166 405 306 470 pesspro
323 381 496 468 βοσκήματα
519 384 610 446 habet
632 385 756 465 August.
769 397 901 467 quertrn.
914 383 1012 451 rerer.
1034 385 1263 469 βυσνῆμάυινὲ-

167 491 258 554 poros
270 470 492 546 Wunderlielr.,
516 471 550 529 iu
562 471 657 531 altera
672 471 803 533 editione
817 473 921 533 additi
934 472 993 533 lare
1008 475 1083 555 notd
1103 474 1263 555 (Dissenii,

166 567 204 623 ut
217 555 351 638 opinor)=
373 548 511 632 „Verum
526 564 587 615 ast:
602 550 779 637 βοσκήμπυ
789 557 950 640 νόφυυσν.“
965 558 1034 618 Hos
1049 558 1133 619 de'dlt
1142 560 1265 621 usme-

167 662 230 703 rus.
250 660 406 703 summer.
1267 664 1271 671 ·

253 760 285 820 P.
299 762 371 824 279.
384 777 415 817 v.
427 760 458 824 4.
479 752 526 840 ἐν]
547 752 605 820 σόν
616 757 709 817 Paris.
720 766 821 818 sextus
842 772 912 825 cum
924 784 970 845 pp.
992 780 1104 822 rerer.-

253 879 285 938 P.
297 881 369 945 279.
383 895 413 935 r.
425 879 455 941 6.
477 874 530 937 uel
548 871 599 939 τόν
621 871 785 962 στρατηγόν
800 874 860 956 -]
907 879 1017 939 Utrum
1036 872 1265 962 ἒῐρυυμότισυν,

86 992 89 997 <
168 983 292 1041 anrero
306 961 388 1038 ideis
401 962 583 1041 πρεσβεῦσαι
594 958 648 1026 τόν
662 955 848 1045 erporpydv'l
878 964 937 1023 Sed
955 973 1021 1023 turn
1039 960 1073 1028 τό
1092 963 1148 1034 καὶ,
1166 964 1266 1025 abun·
1367 1010 1372 1019 .

36 1116 39 1122 ,
98 1090 102 1095 -
169 1048 261 1110 dabit.
273 1066 370 1106 wesr.
397 1046 599 1125 scrupulosae
614 1057 644 1107 et
652 1047 714 1107 leri
726 1047 925 1107 emendationi
937 1048 1103 1115 Wolfianas
1116 1049 1266 1111 meritone
1312 1107 1314 1111 ,

169 1132 297 1214 opponit
308 1129 514 1190 Tomrelliua.·
529 1129 624 1191 Nimis
640 1131 719 1190 enim
732 1131 888 1192 arbitrarie
905 1141 935 1192 et
949 1133 1076 1193 licenter
1089 1133 1143 1193 lrio
1152 1155 1185 1197 se
1195 1153 1267 1212 ges·

109 1275 112 1281 .
170 1219 212 1278 sit
224 1216 361 1293 Wellius,
377 1234 474 1292 neque
489 1215 565 1291 acio,
581 1215 654 1296 quid
669 1216 742 1275 siin
753 1226 882 1276 mentem
897 1218 1024 1278 venerit.
1040 1236 1171 1279 rames.
1203 1218 1267 1281 Ve-

146 1326 150 1332 ·
169 1322 238 1364 rum
248 1300 298 1361 hic
307 1299 428 1363 viderat
440 1299 579 1376 Wollius,
602 1300 741 1379 indignus
760 1301 863 1381 iniqua
879 1311 911 1361 et
930 1303 1088 1363 temeraria
1101 1301 1266 1384 reprehen-

171 1387 261 1462 sione,
276 1404 350 1463 quoe
363 1384 450 1456 facile
462 1385 559 1464 possit
569 1384 604 1444 in
615 1385 836 1463 obiurgatorem
852 1387 1029 1465 retorqueri.
1058 1387 1147 1455 Mede
1163 1387 1267 1447 loeam

170 1482 232 1532 tam
252 1469 425 1548 diligenter,
447 1477 536 1548 etque
551 1469 678 1532 Wolfius
693 1472 821 1546 fecerat,
840 1470 1020 1551 inspexisset
1032 1472 1269 1551 sententiamque

171 1555 273 1615 wolfii
294 1553 401 1613 melius
423 1554 576 1634 percipere
595 1555 777 1632 studuisset,
800 1576 863 1615 non
883 1565 948 1615 erat
966 1556 1173 1633 dubitaturus,
1194 1542 1269 1636 quid

170 1634 282 1699 Wolfio
298 1638 331 1697 in
346 1647 475 1698 mentem
490 1638 628 1714 venisset,
642 1639 691 1698 eui
706 1660 777 1699 vera
789 1649 820 1699 et
835 1649 918 1701 recta
930 1638 1005 1701 haee
1017 1640 1051 1700 in
1069 1651 1199 1716 mentem
1213 1659 1269 1699 ve·

171 1718 366 1805 nerenttsel
385 1722 411 1781 si
433 1733 587 1800 servemr,
608 1724 787 1783 sententium
810 1724 872 1787 loci
892 1723 1058 1784 esaehane:
1084 1724 1270 1806 Cottyplrum

172 1811 272 1891 ipsum
286 1809 318 1869 in
332 1808 497 1867 vulneratis
511 1808 617 1884 fuisse3
640 1807 686 1867 sin
702 1819 801 1868 nutem
816 1808 966 1885 deleatur,
991 1810 1093 1869 istam:
1117 1807 1278 1891 Cottyplro'

173 1893 343 1954 mandatam
355 1910 418 1951 ease
431 1893 609 1971 legationem
622 1893 661 1951 ad
674 1892 857 1972 Philippum.
879 1894 967 1952 Prius
979 1894 1006 1952 si
1018 1895 1183 1970 malumus,
1202 1903 1271 1953 tum

175 1980 338 2057 legatorum
349 1977 453 2037 nullus
475 1978 534 2036 erit
546 1978 724 2041 nominatim
738 1978 921 2058 appellatus,
943 1977 996 2037 sed
1011 1979 1151 2039 universe
1167 1978 1267 2038 decla·

173 2074 282 2140 ratum,
299 2082 361 2121 esse
376 2062 539 2136 decretum,
558 2072 594 2121 ut
605 2063 695 2140 legnti
710 2063 749 2121 ad
763 2061 937 2142 Philippum
951 2063 1120 2142 mittantur,
1135 2064 1199 2123 sine
1210 2082 1272 2122 nei-

174 2149 256 2209 mine
269 2149 445 2227 cuiusquam
459 2146 620 2225 sigillatim.
652 2146 735 2220 Quid
756 2144 783 2206 si
803 2145 847 2205 sio
865 2146 1007 2226 legatur?
1026 2148 1273 2230 τετραυματίκασι

174 2232 228 2300 arel
240 2233 469 2312 νηηκοννίκασι
482 2229 657 2313 [nonnullos
669 2231 878 2308 vulnerarunt,
892 2231 966 2290 alies
981 2233 1070 2311 plane
1082 2232 1188 2292 iaculis
1197 2250 1273 2311 per-

96 2360 102 2365 ·
149 2350 155 2369 .
175 2313 331 2397 emermrt],
346 2311 510 2396 Κόττυφον
523 2349 574 2378 -.
586 2316 656 2375 ideo
670 2315 824 2375 decretum
837 2325 897 2393 est,
910 2325 947 2375 ut
963 2315 1131 2397 Oettyplrus
1144 2317 1272 2393 legatio-

174 2424 244 2464 nem
261 2402 301 2463 ad
312 2401 486 2481 Philippensi
500 2403 598 2462 obeat.
612 2416 708 2461 arraz.
736 2398 789 2463 arel
807 2401 895 2461 uncis
913 2401 1104 2461 incluserunt
1121 2399 1272 2467 Wunder·

174 2487 247 2548 liels.
261 2496 292 2547 et
303 2486 430 2546 Bekker.
450 2488 513 2565 Ego
526 2487 616 2566 plane
631 2485 747 2545 deleam
766 2494 802 2547 ut
822 2505 943 2545 sensum
960 2493 1135 2563 pervertens
1146 2492 1273 2547 nomm-

174 2566 1273 2737 rnunnrnementiebantur&-

175 2736 310 2821 p'r'imurn
332 2735 497 2798 absurdum
514 2746 560 2798 est
573 2738 681 2799 ducem
698 2738 890 2799 vulnerstnm
903 2746 967 2795 tam
982 2746 1121 2796 aeeumte
1135 2699 1273 2813 deant}

37 2854 40 2861 ·
141 2839 143 2844 ·
175 2821 212 2884 u't
227 2820 317 2882 etiem
329 2820 428 2903 patria
443 2822 507 2882 eius
522 2824 710 2899 nominetur,
724 2822 808 2902 qusai
823 2820 987 2900 quidquem
998 2821 1126 2898 referat,
1142 2822 1275 2881 hasne

47 2906 51 2919 '
176 2909 242 2968 dux
257 2906 297 2968 sn
308 2903 431 2967 aliunde
446 2917 530 2969 ortus
544 2910 657 2968 vulnus
675 2905 837 2987 acceperit:
865 2904 973 2965 deinde
995 2905 1187 2967 scribendum
1205 2905 1274 2982 fuit,

176 2982 433 3075 nen'rr'prddraioes
448 2990 648 3071 (legationem
663 2989 770 3071 obire),
782 2989 836 3050 sed
852 2983 1097 3073 πρεσβεύσασθαι
1113 2988 1277 3071 (legatum

157 3076 163 3093 Χ
176 3100 201 3139 ι.
214 3079 332 3158 legator
345 3076 487 3158 mittere).
500 3090 661 3138 ‘souma
1116 3104 1119 3109 ·

263 3196 296 3259 P.
310 3196 382 3263 279.
396 3216 426 3256 r.
440 3200 470 3263 6.
489 3191 544 3261 τόν
559 3188 723 3279 στρατηγόν
734 3224 779 3241 ·-·
793 3186 1046 3275 Ἀμφικτυόνων]
1084 3190 1137 3259 τόν
1155 3211 1277 3273 στρατη-

178 3278 233 3366 γόν
245 3286 307 3343 τῶν
347 3284 409 3343 τῶν
421 3273 655 3364 Ἀμφικτυόνων
674 3280 796 3358 August.
811 3288 937 3359 quartus
953 3299 1022 3339 cum
1038 3276 1165 3357 parvule
1179 3275 1277 3357 apetio

179 3380 236 3448 pro
251 3373 357 3444 quarta
368 3372 464 3442 voce,
479 3375 515 3425 ut
529 3365 656 3424 dubium
671 3364 727 3440 sit,
743 3360 815 3444 quid
831 3364 968 3424 librarius
982 3363 1034 3421 ille
1049 3381 1102 3420 suo
1114 3360 1147 3417 in
1163 3360 1277 3436 codice,

179 3450 261 3511 unda
283 3446 497 3526 exscribebat,
511 3448 675 3510 habuerim·
689 3468 764 3508 num
782 3450 872 3530 plene
890 3446 1042 3508 defluerint
1063 3444 1112 3502 illi
1133 3444 1223 3503 tertia
1247 3443 1287 3503 et¹

59 3593 61 3597 .
180 3543 286 3615 quartu
299 3554 371 3611 vox,
394 3556 435 3595 an
450 3545 587 3615 quartam
599 3555 663 3593 non
679 3534 921 3615 potueritlegers
938 3537 1087 3591 vetustate
1103 3527 1278 3605 obsoletam,

86 3666 91 3673 .
182 3619 269 3693 cirins
293 3618 338 3681 rei
358 3640 447 3679 eausa
467 3619 630 3698 spatiolum
655 3638 788 3680 rsouum
806 3613 972 3696 reliquerit.
999 3613 1059 3673 Pro
1083 3624 1190 3692 quarta
1202 3632 1279 3674 rece

181 3704 233 3776 dot
245 3704 369 3785 August.
383 3705 531 3779 secundus
546 3701 716 3786 εἰρημένον.
736 3720 833 3763 unx.

265 3808 296 3867 P.
312 3811 383 3872 279.
397 3826 427 3864 v.
441 3809 471 3872 6.
503 3810 565 3868 τῶν
592 3796 845 3885 Ἀμφικτυόνων]
893 3798 927 3863 ἐκ
952 3803 1016 3863 τόν
1041 3793 1278 3881 Ἀμφικτυόνων.

180 3911 358 3977 nurnine.
380 3890 448 3949 Non
461 3912 545 3971 epus.
566 3909 722 3956 scrmrrrr.

265 3992 298 4053 P.
314 3996 385 4058 279.
400 4012 431 4051 r.
445 3999 475 4059 7.
496 3988 576 4070 τόν]
598 3986 652 4051 τόν
662 3989 748 4069 prins
767 3987 851 4046 abest
862 3984 897 4046 ab
911 3986 1034 4066 August.
1051 3997 1167 4067 quarto.
1182 4009 1279 4047 rrrax.

265 4092 298 4156 P.
312 4099 387 4160 279.
398 4108 429 4155 r.
442 4095 473 4160 7.
492 4085 641 4173 Ἀρκάδα]
663 4088 941 4173 interpunctionem
957 4098 1028 4171 pest
1043 4088 1073 4148 h.
1087 4096 1210 4182 erecte
1225 4089 1280 4149 de·
1329 4119 1334 4127 ·

65 4257 68 4263 ¹
181 4178 393 4243 leritllekker.
415 4192 571 4240 summ.
691 4231 693 4235 .

267 4284 300 4345 r.
316 4287 388 4351 ers.
403 4284 481 4350 es
503 4256 628 4358 ere,
643 4277 700 4345 re·
715 4273 884 4368 ρηοήσῃ]
905 4279 969 4358 eq.
991 4269 1101 4353 eree
1114 4277 1280 4358 ῥοφῆσαι.
