<?xml version="1.0" encoding="UTF-8"?>
<!DOCTYPE html PUBLIC "-//W3C//DTD XHTML 1.0 Transitional//EN"
    "http://www.w3.org/TR/xhtml1/DTD/xhtml1-transitional.dtd">
<html xmlns="http://www.w3.org/1999/xhtml" xml:lang="en" lang="en">
 <head>
  <title>
</title>
<meta http-equiv="Content-Type" content="text/html;charset=utf-8" />
  <meta name='ocr-system' content='tesseract 3.04.00' />
  <meta name='ocr-capabilities' content='ocr_page ocr_carea ocr_par ocr_line ocrx_word'/>
</head>
<body>
  <div class='ocr_page' id='page_1' title='image "./demosthenisquae00schgoog_0689.png"; bbox 0 0 2774 4740; ppageno 0'>
   <div class='ocr_carea' id='block_1_1' title="bbox 195 182 1126 296">
    <p class='ocr_par' dir='ltr' id='par_1_1' title="bbox 195 182 1126 296">
     <span class='ocr_line' id='line_1_1' title="bbox 195 182 1126 296; baseline 0.005 -11"><span class='ocrx_word' id='word_1_1' title='bbox 195 228 264 296; x_wconf 64' lang='lat' dir='ltr'><strong>rso</strong></span> <span class='ocrx_word' id='word_1_2' title='bbox 339 273 343 280; x_wconf 95' lang='lat'><strong>.</strong></span> <span class='ocrx_word' id='word_1_3' title='bbox 424 226 426 230; x_wconf 90' lang='lat'>·</span> <span class='ocrx_word' id='word_1_4' title='bbox 523 182 1006 295; x_wconf 68' lang='lat' dir='ltr'><strong>&#39;superinos-as·</strong></span> <span class='ocrx_word' id='word_1_5' title='bbox 1051 244 1054 251; x_wconf 96' lang='lat'>·</span> <span class='ocrx_word' id='word_1_6' title='bbox 1123 240 1126 249; x_wconf 95' lang='lat'>·</span> 
     </span>
    </p>
   </div>
   <div class='ocr_carea' id='block_1_2' title="bbox 197 394 1296 836">
    <p class='ocr_par' dir='ltr' id='par_1_2' title="bbox 197 394 1296 816">
     <span class='ocr_line' id='line_1_2' title="bbox 197 394 1294 501; baseline 0.001 -44"><span class='ocrx_word' id='word_1_7' title='bbox 197 396 286 458; x_wconf 80' lang='lat' dir='ltr'><strong>otiam</strong></span> <span class='ocrx_word' id='word_1_8' title='bbox 299 395 336 454; x_wconf 83' lang='lat' dir='ltr'><strong>ab</strong></span> <span class='ocrx_word' id='word_1_9' title='bbox 350 394 537 456; x_wconf 85' lang='lat' dir='ltr'><strong>amicissimo.</strong></span> <span class='ocrx_word' id='word_1_10' title='bbox 565 394 645 454; x_wconf 84' lang='lat' dir='ltr'><strong>Eece</strong></span> <span class='ocrx_word' id='word_1_11' title='bbox 660 415 755 455; x_wconf 85' lang='lat' dir='ltr'><strong>unum</strong></span> <span class='ocrx_word' id='word_1_12' title='bbox 765 395 952 457; x_wconf 75' lang='lat' dir='ltr'><strong>infelicitatis</strong></span> <span class='ocrx_word' id='word_1_13' title='bbox 965 395 1166 501; x_wconf 75' lang='lat' dir='ltr'><strong>exemplum</strong></span> <span class='ocrx_word' id='word_1_14' title='bbox 1179 395 1294 459; x_wconf 75' lang='lat' dir='ltr'><strong>inultis.</strong></span> 
     </span>
     <span class='ocr_line' id='line_1_3' title="bbox 198 475 1295 588; baseline 0.005 -49"><span class='ocrx_word' id='word_1_15' title='bbox 198 480 401 547; x_wconf 78' lang='lat' dir='ltr'><strong>Plutarchus</strong></span> <span class='ocrx_word' id='word_1_16' title='bbox 392 502 425 539; x_wconf 87' lang='lat' dir='ltr'><strong>m</strong></span> <span class='ocrx_word' id='word_1_17' title='bbox 442 480 594 540; x_wconf 86' lang='lat' dir='ltr'><strong>Phocione</strong></span> <span class='ocrx_word' id='word_1_18' title='bbox 610 481 662 560; x_wconf 87' lang='grc' dir='ltr'><strong>[Τ.</strong></span> <span class='ocrx_word' id='word_1_19' title='bbox 675 482 724 539; x_wconf 85' lang='lat' dir='ltr'><strong>lV.</strong></span> <span class='ocrx_word' id='word_1_20' title='bbox 738 502 770 560; x_wconf 88' lang='lat' dir='ltr'>p</span> <span class='ocrx_word' id='word_1_21' title='bbox 763 487 855 548; x_wconf 73' lang='lat'><strong>316.</strong></span> <span class='ocrx_word' id='word_1_22' title='bbox 868 502 892 540; x_wconf 91' lang='lat' dir='ltr'><strong>s.</strong></span> <span class='ocrx_word' id='word_1_23' title='bbox 906 479 972 560; x_wconf 84' lang='lat' dir='ltr'><strong>R.]:</strong></span> <span class='ocrx_word' id='word_1_24' title='bbox 996 483 1037 544; x_wconf 84' lang='lat' dir='ltr'><strong>Os‘</strong></span> <span class='ocrx_word' id='word_1_25' title='bbox 1032 475 1295 588; x_wconf 56' lang='lat' dir='ltr'><strong>§inoperimu-</strong></span> 
     </span>
     <span class='ocr_line' id='line_1_4' title="bbox 198 550 1296 670; baseline 0 -41"><span class='ocrx_word' id='word_1_26' title='bbox 198 584 289 629; x_wconf 87' lang='grc' dir='ltr'><strong><em>σαντο</em></strong></span> <span class='ocrx_word' id='word_1_27' title='bbox 298 550 352 627; x_wconf 73' lang='grc' dir='ltr'><strong><em>’τὸν</em></strong></span> <span class='ocrx_word' id='word_1_28' title='bbox 366 560 490 646; x_wconf 73' lang='grc' dir='ltr'><strong><em>Χάρητα</em></strong></span> <span class='ocrx_word' id='word_1_29' title='bbox 503 562 663 666; x_wconf 80' lang='grc' dir='ltr'><strong><em>στρατηγὸν</em></strong></span> <span class='ocrx_word' id='word_1_30' title='bbox 677 559 891 670; x_wconf 66' lang='grc' dir='ltr'><strong>ἀποσταλῆναι</strong></span> <span class='ocrx_word' id='word_1_31' title='bbox 904 559 1097 639; x_wconf 64' lang='lat' dir='ltr'><strong>saisitione</strong></span> <span class='ocrx_word' id='word_1_32' title='bbox 1114 561 1283 640; x_wconf 77' lang='grc' dir='ltr'><strong><em>λνιεῖνος’</em></strong></span> <span class='ocrx_word' id='word_1_33' title='bbox 1241 590 1296 629; x_wconf 90' lang='grc' dir='ltr'><strong><em>ου-</em></strong></span> 
     </span>
     <span class='ocr_line' id='line_1_5' title="bbox 198 642 1295 755; baseline 0.004 -44"><span class='ocrx_word' id='word_1_34' title='bbox 198 646 251 711; x_wconf 79' lang='grc' dir='ltr'><strong><em>δέν</em></strong></span> <span class='ocrx_word' id='word_1_35' title='bbox 273 646 358 722; x_wconf 71' lang='grc' dir='ltr'><strong><em>ἄξιον</em></strong></span> <span class='ocrx_word' id='word_1_36' title='bbox 379 654 433 726; x_wconf 77' lang='grc' dir='ltr'><strong>τῆς</strong></span> <span class='ocrx_word' id='word_1_37' title='bbox 457 646 611 753; x_wconf 75' lang='grc' dir='ltr'><strong><em>δυνάμεως</em></strong></span> <span class='ocrx_word' id='word_1_38' title='bbox 630 649 789 728; x_wconf 79' lang='grc' dir='ltr'><strong><em>ἔπραττεν,</em></strong></span> <span class='ocrx_word' id='word_1_39' title='bbox 810 645 880 712; x_wconf 74' lang='grc' dir='ltr'><strong><em>ουδὲ</em></strong></span> <span class='ocrx_word' id='word_1_40' title='bbox 903 651 936 711; x_wconf 83' lang='grc' dir='ltr'><strong>αλ</strong></span> <span class='ocrx_word' id='word_1_41' title='bbox 956 642 1057 723; x_wconf 78' lang='grc' dir='ltr'><strong><em>πόλεις</em></strong></span> <span class='ocrx_word' id='word_1_42' title='bbox 1079 647 1274 755; x_wconf 76' lang='grc' dir='ltr'><strong><em>λδλχομτρ</em></strong></span> <span class='ocrx_word' id='word_1_43' title='bbox 1237 673 1295 715; x_wconf 87' lang='grc' dir='ltr'><strong>τον</strong></span> 
     </span>
     <span class='ocr_line' id='line_1_6' title="bbox 199 727 1296 836; baseline 0.001 -40"><span class='ocrx_word' id='word_1_44' title='bbox 199 728 322 834; x_wconf 81' lang='grc' dir='ltr'><strong><em>στόλον,</em></strong></span> <span class='ocrx_word' id='word_1_45' title='bbox 346 727 440 797; x_wconf 77' lang='grc' dir='ltr'><strong><em>α’λλ’”</em></strong></span> <span class='ocrx_word' id='word_1_46' title='bbox 418 757 552 809; x_wconf 65' lang='lat' dir='ltr'><strong>ostensor</strong></span> <span class='ocrx_word' id='word_1_47' title='bbox 566 730 610 796; x_wconf 81' lang='grc' dir='ltr'><strong><em>ῶν</em></strong></span> <span class='ocrx_word' id='word_1_48' title='bbox 622 738 716 836; x_wconf 77' lang='grc' dir='ltr'><strong><em>μᾶνιν</em></strong></span> <span class='ocrx_word' id='word_1_49' title='bbox 729 734 876 797; x_wconf 76' lang='grc' dir='ltr'><strong><em>ἐπλανᾶτο</em></strong></span> <span class='ocrx_word' id='word_1_50' title='bbox 889 728 1173 816; x_wconf 66' lang='grc' dir='ltr'><strong><em>χρηματιζόμενος’</em></strong></span> <span class='ocrx_word' id='word_1_51' title='bbox 1153 730 1212 799; x_wconf 69' lang='lat' dir='ltr'><strong>est</strong></span> <span class='ocrx_word' id='word_1_52' title='bbox 1223 739 1296 810; x_wconf 82' lang='grc' dir='ltr'><strong><em>’τῶν</em></strong></span> 
     </span>
    </p>
   </div>
   <div class='ocr_carea' id='block_1_3' title="bbox 197 806 1295 983">
    <p class='ocr_par' dir='ltr' id='par_1_3' title="bbox 197 806 1295 983">
     <span class='ocr_line' id='line_1_7' title="bbox 198 806 1295 900; baseline -0.001 -20"><span class='ocrx_word' id='word_1_53' title='bbox 198 806 361 897; x_wconf 66' lang='grc' dir='ltr'><strong><em>συμμάχων</em></strong></span> <span class='ocrx_word' id='word_1_54' title='bbox 372 816 423 880; x_wconf 82' lang='grc' dir='ltr'><strong>καὶ</strong></span> <span class='ocrx_word' id='word_1_55' title='bbox 439 812 721 900; x_wconf 76' lang='grc' dir='ltr'><strong><em>καταφρονούμενος</em></strong></span> <span class='ocrx_word' id='word_1_56' title='bbox 735 814 797 881; x_wconf 76' lang='lat' dir='ltr'><strong>v‘rso</strong></span> <span class='ocrx_word' id='word_1_57' title='bbox 812 823 873 882; x_wconf 86' lang='grc' dir='ltr'><strong><em>τῶν</em></strong></span> <span class='ocrx_word' id='word_1_58' title='bbox 888 819 1047 899; x_wconf 76' lang='grc' dir='ltr'><strong><em>πολεμίων.</em></strong></span> <span class='ocrx_word' id='word_1_59' title='bbox 1058 817 1240 899; x_wconf 83' lang='lat' dir='ltr'><strong>Reliquum</strong></span> <span class='ocrx_word' id='word_1_60' title='bbox 1231 820 1295 897; x_wconf 76' lang='lat' dir='ltr'><strong>sgi-</strong></span> 
     </span>
     <span class='ocr_line' id='line_1_8' title="bbox 197 901 1294 983; baseline 0.003 -23"><span class='ocrx_word' id='word_1_61' title='bbox 197 910 250 961; x_wconf 89' lang='lat' dir='ltr'><strong>tur</strong></span> <span class='ocrx_word' id='word_1_62' title='bbox 266 911 329 961; x_wconf 80' lang='lat' dir='ltr'><strong>erut</strong></span> <span class='ocrx_word' id='word_1_63' title='bbox 344 902 463 961; x_wconf 84' lang='lat' dir='ltr'><strong>Oratori</strong></span> <span class='ocrx_word' id='word_1_64' title='bbox 477 915 580 963; x_wconf 88' lang='lat' dir='ltr'><strong>nostro</strong></span> <span class='ocrx_word' id='word_1_65' title='bbox 593 913 752 962; x_wconf 77' lang='lat' dir='ltr'><strong>extenuare</strong></span> <span class='ocrx_word' id='word_1_66' title='bbox 760 903 871 981; x_wconf 87' lang='lat' dir='ltr'><strong>,quod</strong></span> <span class='ocrx_word' id='word_1_67' title='bbox 885 905 1016 961; x_wconf 86' lang='lat' dir='ltr'><strong>refutare</strong></span> <span class='ocrx_word' id='word_1_68' title='bbox 1032 924 1095 960; x_wconf 89' lang='lat' dir='ltr'><strong>non</strong></span> <span class='ocrx_word' id='word_1_69' title='bbox 1108 901 1217 983; x_wconf 90' lang='lat' dir='ltr'><strong>potuit.</strong></span> <span class='ocrx_word' id='word_1_70' title='bbox 1237 903 1294 963; x_wconf 84' lang='lat' dir='ltr'><strong>ld-</strong></span> 
     </span>
    </p>
   </div>
   <div class='ocr_carea' id='block_1_4' title="bbox 195 986 1296 1488">
    <p class='ocr_par' dir='ltr' id='par_1_4' title="bbox 195 986 1296 1488">
     <span class='ocr_line' id='line_1_9' title="bbox 197 986 1295 1067; baseline 0.001 -21"><span class='ocrx_word' id='word_1_71' title='bbox 197 1005 256 1065; x_wconf 84' lang='lat' dir='ltr'><strong>que</strong></span> <span class='ocrx_word' id='word_1_72' title='bbox 282 987 403 1045; x_wconf 87' lang='lat' dir='ltr'><strong>omnino</strong></span> <span class='ocrx_word' id='word_1_73' title='bbox 419 987 470 1046; x_wconf 85' lang='lat' dir='ltr'><strong>lsie</strong></span> <span class='ocrx_word' id='word_1_74' title='bbox 486 989 618 1046; x_wconf 82' lang='lat' dir='ltr'><strong>fecturus</strong></span> <span class='ocrx_word' id='word_1_75' title='bbox 633 996 724 1061; x_wconf 86' lang='lat' dir='ltr'><strong>esset,</strong></span> <span class='ocrx_word' id='word_1_76' title='bbox 746 987 771 1045; x_wconf 91' lang='lat' dir='ltr'><strong>si</strong></span> <span class='ocrx_word' id='word_1_77' title='bbox 795 986 826 1045; x_wconf 91' lang='lat' dir='ltr'><strong>id</strong></span> <span class='ocrx_word' id='word_1_78' title='bbox 846 987 1049 1067; x_wconf 78' lang='lat' dir='ltr'><strong>permisissent</strong></span> <span class='ocrx_word' id='word_1_79' title='bbox 1070 986 1295 1067; x_wconf 80' lang='lat' dir='ltr'><strong>descriptorum</strong></span> 
     </span>
     <span class='ocr_line' id='line_1_10' title="bbox 196 1068 1296 1153; baseline 0.003 -23"><span class='ocrx_word' id='word_1_80' title='bbox 196 1070 418 1130; x_wconf 83' lang='lat' dir='ltr'><strong>mulssmsnus.</strong></span> <span class='ocrx_word' id='word_1_81' title='bbox 446 1071 482 1129; x_wconf 89' lang='lat' dir='ltr'><strong>ld</strong></span> <span class='ocrx_word' id='word_1_82' title='bbox 502 1082 602 1130; x_wconf 82' lang='lat' dir='ltr'><strong>autem</strong></span> <span class='ocrx_word' id='word_1_83' title='bbox 623 1092 682 1151; x_wconf 91' lang='lat' dir='ltr'><strong>quo</strong></span> <span class='ocrx_word' id='word_1_84' title='bbox 707 1072 797 1130; x_wconf 90' lang='lat' dir='ltr'><strong>modo</strong></span> <span class='ocrx_word' id='word_1_85' title='bbox 820 1082 872 1131; x_wconf 82' lang='lat' dir='ltr'><strong>aut</strong></span> <span class='ocrx_word' id='word_1_86' title='bbox 889 1091 949 1151; x_wconf 82' lang='lat' dir='ltr'><strong>qua</strong></span> <span class='ocrx_word' id='word_1_87' title='bbox 971 1068 1111 1130; x_wconf 84' lang='lat' dir='ltr'><strong>retionel</strong></span> <span class='ocrx_word' id='word_1_88' title='bbox 1132 1072 1246 1153; x_wconf 85' lang='lat' dir='ltr'><strong>Nempe</strong></span> <span class='ocrx_word' id='word_1_89' title='bbox 1259 1072 1296 1133; x_wconf 88' lang='lat' dir='ltr'><strong>in</strong></span> 
     </span>
     <span class='ocr_line' id='line_1_11' title="bbox 197 1154 1295 1236; baseline 0.004 -23"><span class='ocrx_word' id='word_1_90' title='bbox 197 1154 322 1214; x_wconf 78' lang='lat' dir='ltr'><strong>Charete</strong></span> <span class='ocrx_word' id='word_1_91' title='bbox 335 1156 449 1215; x_wconf 83' lang='lat' dir='ltr'><strong>bonum</strong></span> <span class='ocrx_word' id='word_1_92' title='bbox 462 1157 593 1215; x_wconf 89' lang='lat' dir='ltr'><strong>animum</strong></span> <span class='ocrx_word' id='word_1_93' title='bbox 612 1164 645 1214; x_wconf 86' lang='lat' dir='ltr'><strong>et</strong></span> <span class='ocrx_word' id='word_1_94' title='bbox 655 1155 730 1236; x_wconf 89' lang='lat' dir='ltr'><strong>reip.</strong></span> <span class='ocrx_word' id='word_1_95' title='bbox 744 1154 911 1215; x_wconf 87' lang='lat' dir='ltr'><strong>studiosum</strong></span> <span class='ocrx_word' id='word_1_96' title='bbox 923 1155 1016 1214; x_wconf 80' lang='lat' dir='ltr'><strong>fuisse</strong></span> <span class='ocrx_word' id='word_1_97' title='bbox 1028 1156 1147 1215; x_wconf 83' lang='lat' dir='ltr'><strong>asserit:</strong></span> <span class='ocrx_word' id='word_1_98' title='bbox 1164 1177 1212 1231; x_wconf 85' lang='lat' dir='ltr'><strong>res</strong></span> <span class='ocrx_word' id='word_1_99' title='bbox 1228 1157 1295 1217; x_wconf 85' lang='lat' dir='ltr'><strong>ins·</strong></span> 
     </span>
     <span class='ocr_line' id='line_1_12' title="bbox 195 1240 1295 1320; baseline 0.005 -23"><span class='ocrx_word' id='word_1_100' title='bbox 195 1259 339 1320; x_wconf 77' lang='lat' dir='ltr'><strong>prospere</strong></span> <span class='ocrx_word' id='word_1_101' title='bbox 353 1249 448 1318; x_wconf 81' lang='lat' dir='ltr'><strong>gestes</strong></span> <span class='ocrx_word' id='word_1_102' title='bbox 465 1240 650 1299; x_wconf 80' lang='lat' dir='ltr'><strong>dissimulare</strong></span> <span class='ocrx_word' id='word_1_103' title='bbox 661 1261 723 1298; x_wconf 87' lang='lat' dir='ltr'><strong>non</strong></span> <span class='ocrx_word' id='word_1_104' title='bbox 738 1248 854 1319; x_wconf 88' lang='lat' dir='ltr'><strong>potest,</strong></span> <span class='ocrx_word' id='word_1_105' title='bbox 880 1259 984 1300; x_wconf 84' lang='lat' dir='ltr'><strong>verum</strong></span> <span class='ocrx_word' id='word_1_106' title='bbox 1004 1258 1124 1299; x_wconf 86' lang='lat' dir='ltr'><strong>omnem</strong></span> <span class='ocrx_word' id='word_1_107' title='bbox 1139 1260 1204 1300; x_wconf 83' lang='lat' dir='ltr'><strong>eam</strong></span> <span class='ocrx_word' id='word_1_108' title='bbox 1220 1243 1295 1302; x_wconf 79' lang='lat' dir='ltr'><strong>&#39;eul-</strong></span> 
     </span>
     <span class='ocr_line' id='line_1_13' title="bbox 195 1324 1294 1405; baseline 0.006 -24"><span class='ocrx_word' id='word_1_109' title='bbox 195 1344 265 1405; x_wconf 89' lang='lat' dir='ltr'><strong>pam</strong></span> <span class='ocrx_word' id='word_1_110' title='bbox 282 1324 315 1382; x_wconf 88' lang='lat' dir='ltr'><strong>in</strong></span> <span class='ocrx_word' id='word_1_111' title='bbox 337 1343 389 1383; x_wconf 89' lang='lat' dir='ltr'><strong>eos</strong></span> <span class='ocrx_word' id='word_1_112' title='bbox 410 1325 524 1400; x_wconf 88' lang='lat' dir='ltr'><strong>reiicit,</strong></span> <span class='ocrx_word' id='word_1_113' title='bbox 551 1325 603 1402; x_wconf 90' lang='lat' dir='ltr'><strong>qui</strong></span> <span class='ocrx_word' id='word_1_114' title='bbox 622 1325 721 1404; x_wconf 89' lang='lat' dir='ltr'><strong>pretio</strong></span> <span class='ocrx_word' id='word_1_115' title='bbox 744 1325 878 1404; x_wconf 80' lang='lat' dir='ltr'><strong>corrupti</strong></span> <span class='ocrx_word' id='word_1_116' title='bbox 897 1324 972 1404; x_wconf 86' lang='lat' dir='ltr'><strong>reip.</strong></span> <span class='ocrx_word' id='word_1_117' title='bbox 990 1325 1069 1385; x_wconf 85' lang='lat' dir='ltr'><strong>mele</strong></span> <span class='ocrx_word' id='word_1_118' title='bbox 1086 1326 1294 1389; x_wconf 75' lang='lat' dir='ltr'><strong>consulebant.</strong></span> 
     </span>
     <span class='ocr_line' id='line_1_14' title="bbox 195 1407 1296 1488; baseline 0.003 -19"><span class='ocrx_word' id='word_1_119' title='bbox 195 1407 328 1469; x_wconf 80' lang='lat' dir='ltr'><strong>Honesta</strong></span> <span class='ocrx_word' id='word_1_120' title='bbox 342 1428 412 1468; x_wconf 76' lang='lat' dir='ltr'><strong>sane</strong></span> <span class='ocrx_word' id='word_1_121' title='bbox 423 1410 518 1468; x_wconf 87' lang='lat' dir='ltr'><strong>oratio</strong></span> <span class='ocrx_word' id='word_1_122' title='bbox 535 1418 566 1468; x_wconf 88' lang='lat' dir='ltr'><strong>et</strong></span> <span class='ocrx_word' id='word_1_123' title='bbox 581 1409 685 1487; x_wconf 81' lang='lat' dir='ltr'><strong>digno,</strong></span> <span class='ocrx_word' id='word_1_124' title='bbox 703 1429 793 1488; x_wconf 89' lang='lat' dir='ltr'><strong>qnam</strong></span> <span class='ocrx_word' id='word_1_125' title='bbox 803 1411 954 1488; x_wconf 86' lang='lat' dir='ltr'><strong>proferret</strong></span> <span class='ocrx_word' id='word_1_126' title='bbox 964 1407 1063 1468; x_wconf 85' lang='lat' dir='ltr'><strong>homo.</strong></span> <span class='ocrx_word' id='word_1_127' title='bbox 1071 1429 1142 1481; x_wconf 80' lang='lat' dir='ltr'><strong>eum</strong></span> <span class='ocrx_word' id='word_1_128' title='bbox 1155 1409 1296 1472; x_wconf 81' lang='lat' dir='ltr'><strong>Glsnretis</strong></span> 
     </span>
    </p>
   </div>
   <div class='ocr_carea' id='block_1_5' title="bbox 67 1491 1294 1595">
    <p class='ocr_par' dir='ltr' id='par_1_5' title="bbox 67 1491 1294 1595">
     <span class='ocr_line' id='line_1_15' title="bbox 67 1491 1294 1595; baseline 0.007 -44"><span class='ocrx_word' id='word_1_129' title='bbox 67 1500 72 1513; x_wconf 91' lang='lat'>&#39;</span> <span class='ocrx_word' id='word_1_130' title='bbox 195 1500 261 1552; x_wconf 88' lang='lat' dir='ltr'><strong>tum</strong></span> <span class='ocrx_word' id='word_1_131' title='bbox 277 1493 368 1595; x_wconf 86' lang='lat' dir='ltr'><strong>reip.</strong></span> <span class='ocrx_word' id='word_1_132' title='bbox 344 1494 589 1553; x_wconf 80' lang='lat' dir='ltr'><strong>.amentissimus.</strong></span> <span class='ocrx_word' id='word_1_133' title='bbox 615 1494 690 1571; x_wconf 82' lang='lat' dir='ltr'><strong>Lege</strong></span> <span class='ocrx_word' id='word_1_134' title='bbox 709 1514 778 1570; x_wconf 88' lang='lat' dir='ltr'><strong>ergo</strong></span> <span class='ocrx_word' id='word_1_135' title='bbox 796 1502 826 1551; x_wconf 92' lang='lat' dir='ltr'><strong>et</strong></span> <span class='ocrx_word' id='word_1_136' title='bbox 847 1493 1001 1594; x_wconf 86' lang='lat' dir='ltr'><strong>distingue</strong></span> <span class='ocrx_word' id='word_1_137' title='bbox 1015 1513 1145 1553; x_wconf 87' lang='lat' dir='ltr'><strong>mecum·</strong></span> <span class='ocrx_word' id='word_1_138' title='bbox 1165 1491 1222 1575; x_wconf 65' lang='lat' dir='ltr'><strong>ipsi</strong></span> <span class='ocrx_word' id='word_1_139' title='bbox 1247 1493 1294 1575; x_wconf 73' lang='lat' dir='ltr'><strong>tt,</strong></span> 
     </span>
    </p>
   </div>
   <div class='ocr_carea' id='block_1_6' title="bbox 152 1570 1314 3683">
    <p class='ocr_par' dir='ltr' id='par_1_6' title="bbox 166 1570 1296 2923">
     <span class='ocr_line' id='line_1_16' title="bbox 196 1570 1296 1683; baseline 0 -42"><span class='ocrx_word' id='word_1_140' title='bbox 196 1572 244 1641; x_wconf 79' lang='grc' dir='ltr'><strong>ὅτι</strong></span> <span class='ocrx_word' id='word_1_141' title='bbox 256 1572 368 1656; x_wconf 77' lang='lat' dir='ltr'><strong>pir&#39;</strong></span> <span class='ocrx_word' id='word_1_142' title='bbox 326 1600 425 1641; x_wconf 72' lang='grc' dir='ltr'><strong><em>σαντα</em></strong></span> <span class='ocrx_word' id='word_1_143' title='bbox 441 1573 554 1683; x_wconf 75' lang='grc' dir='ltr'><strong><em>τρόπον</em></strong></span> <span class='ocrx_word' id='word_1_144' title='bbox 572 1572 750 1683; x_wconf 81' lang='grc' dir='ltr'><strong><em>κρινόμενος</em></strong></span> <span class='ocrx_word' id='word_1_145' title='bbox 765 1572 872 1678; x_wconf 78' lang='grc' dir='ltr'><strong><em>Χμὶρης</em></strong></span> <span class='ocrx_word' id='word_1_146' title='bbox 889 1570 1101 1682; x_wconf 65' lang='grc' dir='ltr'><strong><em>εὑρεθήσεται</em></strong></span> <span class='ocrx_word' id='word_1_147' title='bbox 1108 1584 1218 1653; x_wconf 79' lang='grc' dir='ltr'><strong><em>πιστῶς</em></strong></span> <span class='ocrx_word' id='word_1_148' title='bbox 1239 1578 1296 1643; x_wconf 75' lang='lat' dir='ltr'><strong>seul</strong></span> 
     </span>
     <span class='ocr_line' id='line_1_17' title="bbox 194 1652 1295 1765; baseline 0.003 -40"><span class='ocrx_word' id='word_1_149' title='bbox 194 1654 356 1763; x_wconf 59' lang='lat' dir='ltr'><strong>trivettus,</strong></span> <span class='ocrx_word' id='word_1_150' title='bbox 383 1681 455 1724; x_wconf 89' lang='grc' dir='ltr'><strong><em>οσον</em></strong></span> <span class='ocrx_word' id='word_1_151' title='bbox 475 1652 517 1743; x_wconf 78' lang='grc' dir='ltr'><strong><em>ἦν</em></strong></span> <span class='ocrx_word' id='word_1_152' title='bbox 541 1656 586 1724; x_wconf 74' lang='grc' dir='ltr'><strong>ἐπ’</strong></span> <span class='ocrx_word' id='word_1_153' title='bbox 599 1662 727 1765; x_wconf 45' lang='grc' dir='ltr'><strong><em>ἐτελνμῑ</em></strong></span> <span class='ocrx_word' id='word_1_154' title='bbox 739 1655 876 1762; x_wconf 72' lang='lat' dir='ltr'><strong>ripoinus</strong></span> <span class='ocrx_word' id='word_1_155' title='bbox 886 1657 1000 1743; x_wconf 71' lang='lat' dir='ltr'><strong>sisip‘</strong></span> <span class='ocrx_word' id='word_1_156' title='bbox 978 1665 1082 1740; x_wconf 81' lang='grc' dir='ltr'><strong><em>υμῶν,</em></strong></span> <span class='ocrx_word' id='word_1_157' title='bbox 1110 1659 1295 1739; x_wconf 72' lang='lat' dir='ltr'><strong>isoiiirosic</strong></span> 
     </span>
     <span class='ocr_line' id='line_1_18' title="bbox 195 1734 1294 1846; baseline 0.001 -37"><span class='ocrx_word' id='word_1_158' title='bbox 195 1734 247 1809; x_wconf 68' lang='lat' dir='ltr'><strong>&#39;tut</strong></span> <span class='ocrx_word' id='word_1_159' title='bbox 259 1740 392 1846; x_wconf 73' lang='grc' dir='ltr'><strong><em>χρήμασι</em></strong></span> <span class='ocrx_word' id='word_1_160' title='bbox 403 1744 654 1846; x_wconf 63' lang='grc' dir='ltr'><strong><em>λυμαινομένους,</em></strong></span> <span class='ocrx_word' id='word_1_161' title='bbox 676 1751 739 1818; x_wconf 84' lang='grc' dir='ltr'><strong><em>τοῖς</em></strong></span> <span class='ocrx_word' id='word_1_162' title='bbox 751 1739 904 1826; x_wconf 76' lang='grc' dir='ltr'><strong><em>πράγμασι</em></strong></span> <span class='ocrx_word' id='word_1_163' title='bbox 919 1742 1076 1807; x_wconf 73' lang='grc' dir='ltr'><strong><em>πολλῶν’</em></strong></span> <span class='ocrx_word' id='word_1_164' title='bbox 1053 1751 1203 1826; x_wconf 83' lang='grc' dir='ltr'><strong><em>νοτερῶν,</em></strong></span> <span class='ocrx_word' id='word_1_165' title='bbox 1222 1752 1294 1815; x_wconf 69' lang='grc' dir='ltr'><strong><em>τοτ’.</em></strong></span> 
     </span>
     <span class='ocr_line' id='line_1_19' title="bbox 196 1822 1294 1928; baseline 0.001 -37"><span class='ocrx_word' id='word_1_166' title='bbox 196 1853 231 1891; x_wconf 92' lang='grc' dir='ltr'><strong><em>το</em></strong></span> <span class='ocrx_word' id='word_1_167' title='bbox 242 1822 323 1891; x_wconf 78' lang='grc' dir='ltr'><strong><em>πᾶνυ</em></strong></span> <span class='ocrx_word' id='word_1_168' title='bbox 339 1824 400 1909; x_wconf 86' lang='lat' dir='ltr'><strong>(vel</strong></span> <span class='ocrx_word' id='word_1_169' title='bbox 414 1824 533 1911; x_wconf 76' lang='grc' dir='ltr'><strong><em>σφόδρα</em></strong></span> <span class='ocrx_word' id='word_1_170' title='bbox 545 1851 614 1889; x_wconf 89' lang='lat' dir='ltr'><strong>eum</strong></span> <span class='ocrx_word' id='word_1_171' title='bbox 626 1826 776 1910; x_wconf 81' lang='lat' dir='ltr'><strong>plurimis)</strong></span> <span class='ocrx_word' id='word_1_172' title='bbox 798 1830 1021 1928; x_wconf 72' lang='grc' dir='ltr'><strong><em>διισχυρίζομαι</em></strong></span> <span class='ocrx_word' id='word_1_173' title='bbox 1043 1829 1092 1889; x_wconf 84' lang='lat' dir='ltr'><strong>sie</strong></span> <span class='ocrx_word' id='word_1_174' title='bbox 1105 1841 1207 1892; x_wconf 87' lang='lat' dir='ltr'><strong>verto.</strong></span> <span class='ocrx_word' id='word_1_175' title='bbox 1221 1835 1294 1915; x_wconf 70' lang='grc' dir='ltr'><strong><em>Ερο</em></strong></span> 
     </span>
     <span class='ocr_line' id='line_1_20' title="bbox 196 1912 1294 1991; baseline 0.005 -19"><span class='ocrx_word' id='word_1_176' title='bbox 196 1925 307 1989; x_wconf 79' lang='lat' dir='ltr'><strong>autern,</strong></span> <span class='ocrx_word' id='word_1_177' title='bbox 325 1918 353 1971; x_wconf 86' lang='lat' dir='ltr'><strong>si</strong></span> <span class='ocrx_word' id='word_1_178' title='bbox 367 1926 526 1972; x_wconf 81' lang='lat' dir='ltr'><strong>accusetur</strong></span> <span class='ocrx_word' id='word_1_179' title='bbox 549 1912 677 1990; x_wconf 79' lang='lat' dir='ltr'><strong>Chares,</strong></span> <span class='ocrx_word' id='word_1_180' title='bbox 695 1914 901 1972; x_wconf 81' lang='lat' dir='ltr'><strong>inventumiri</strong></span> <span class='ocrx_word' id='word_1_181' title='bbox 916 1934 984 1970; x_wconf 84' lang='lat' dir='ltr'><strong>eum</strong></span> <span class='ocrx_word' id='word_1_182' title='bbox 997 1912 1134 1991; x_wconf 83' lang='lat' dir='ltr'><strong>fideliter</strong></span> <span class='ocrx_word' id='word_1_183' title='bbox 1153 1926 1182 1974; x_wconf 84' lang='lat' dir='ltr'><strong>et</strong></span> <span class='ocrx_word' id='word_1_184' title='bbox 1202 1916 1294 1976; x_wconf 72' lang='lat' dir='ltr'><strong>bene-</strong></span> 
     </span>
     <span class='ocr_line' id='line_1_21' title="bbox 195 1958 1294 2080; baseline 0.004 -22"><span class='ocrx_word' id='word_1_185' title='bbox 195 2000 261 2058; x_wconf 74' lang='lat' dir='ltr'><strong>vole</strong></span> <span class='ocrx_word' id='word_1_186' title='bbox 272 1959 372 2065; x_wconf 52' lang='lat' dir='ltr'><strong>modio</strong></span> <span class='ocrx_word' id='word_1_187' title='bbox 384 1998 525 2057; x_wconf 78' lang='lat' dir='ltr'><strong>omnibus</strong></span> <span class='ocrx_word' id='word_1_188' title='bbox 534 2020 594 2078; x_wconf 86' lang='lat' dir='ltr'><strong>pro</strong></span> <span class='ocrx_word' id='word_1_189' title='bbox 613 1958 713 2073; x_wconf 74' lang='lat' dir='ltr'><strong>vobis,</strong></span> <span class='ocrx_word' id='word_1_190' title='bbox 739 2008 891 2078; x_wconf 87' lang='lat' dir='ltr'><strong>quantum</strong></span> <span class='ocrx_word' id='word_1_191' title='bbox 904 2000 984 2056; x_wconf 79' lang='lat' dir='ltr'><strong>ineo</strong></span> <span class='ocrx_word' id='word_1_192' title='bbox 993 1998 1107 2076; x_wconf 68' lang='lat' dir='ltr'><strong>fuerit,</strong></span> <span class='ocrx_word' id='word_1_193' title='bbox 1122 2003 1236 2080; x_wconf 74' lang='lat' dir='ltr'><strong>egisse,</strong></span> <span class='ocrx_word' id='word_1_194' title='bbox 1259 2002 1294 2063; x_wconf 77' lang='lat' dir='ltr'><strong>id</strong></span> 
     </span>
     <span class='ocr_line' id='line_1_22' title="bbox 198 2082 1294 2162; baseline 0.005 -22"><span class='ocrx_word' id='word_1_195' title='bbox 198 2092 370 2142; x_wconf 81' lang='lat' dir='ltr'><strong>constanter</strong></span> <span class='ocrx_word' id='word_1_196' title='bbox 382 2102 547 2142; x_wconf 84' lang='lat' dir='ltr'><strong>asseverare</strong></span> <span class='ocrx_word' id='word_1_197' title='bbox 560 2083 669 2142; x_wconf 84' lang='lat' dir='ltr'><strong>uudeo:</strong></span> <span class='ocrx_word' id='word_1_198' title='bbox 695 2082 822 2162; x_wconf 83' lang='lat' dir='ltr'><strong>quodsi</strong></span> <span class='ocrx_word' id='word_1_199' title='bbox 842 2083 930 2140; x_wconf 72' lang='lat' dir='ltr'><strong>rebus</strong></span> <span class='ocrx_word' id='word_1_200' title='bbox 944 2084 1040 2161; x_wconf 80' lang='lat' dir='ltr'><strong>gestio</strong></span> <span class='ocrx_word' id='word_1_201' title='bbox 1061 2094 1089 2140; x_wconf 80' lang='lat' dir='ltr'><strong>et</strong></span> <span class='ocrx_word' id='word_1_202' title='bbox 1111 2104 1253 2144; x_wconf 77' lang='lat' dir='ltr'><strong>successu</strong></span> <span class='ocrx_word' id='word_1_203' title='bbox 1274 2107 1294 2146; x_wconf 79' lang='grc' dir='ltr'>ι</span> 
     </span>
     <span class='ocr_line' id='line_1_23' title="bbox 194 2165 1294 2248; baseline 0.004 -22"><span class='ocrx_word' id='word_1_204' title='bbox 194 2167 297 2226; x_wconf 87' lang='lat' dir='ltr'><strong>multis</strong></span> <span class='ocrx_word' id='word_1_205' title='bbox 309 2167 401 2227; x_wconf 81' lang='lat' dir='ltr'><strong>fuerit</strong></span> <span class='ocrx_word' id='word_1_206' title='bbox 412 2176 583 2248; x_wconf 74' lang='lat' dir='ltr'><strong>superatus,</strong></span> <span class='ocrx_word' id='word_1_207' title='bbox 606 2165 706 2226; x_wconf 82' lang='lat' dir='ltr'><strong>deberi</strong></span> <span class='ocrx_word' id='word_1_208' title='bbox 724 2165 761 2225; x_wconf 83' lang='lat' dir='ltr'><strong>id</strong></span> <span class='ocrx_word' id='word_1_209' title='bbox 780 2188 865 2225; x_wconf 84' lang='lat' dir='ltr'><strong>omne</strong></span> <span class='ocrx_word' id='word_1_210' title='bbox 880 2167 1035 2224; x_wconf 80' lang='lat' dir='ltr'><strong>matorum</strong></span> <span class='ocrx_word' id='word_1_211' title='bbox 1049 2167 1205 2228; x_wconf 75' lang='lat' dir='ltr'><strong>hominnm</strong></span> <span class='ocrx_word' id='word_1_212' title='bbox 1217 2192 1294 2230; x_wconf 79' lang='lat' dir='ltr'><strong>oon·</strong></span> 
     </span>
     <span class='ocr_line' id='line_1_24' title="bbox 195 2248 1294 2332; baseline 0.009 -25"><span class='ocrx_word' id='word_1_213' title='bbox 195 2252 294 2328; x_wconf 80' lang='lat' dir='ltr'><strong>siliis,</strong></span> <span class='ocrx_word' id='word_1_214' title='bbox 330 2248 386 2331; x_wconf 80' lang='lat' dir='ltr'><strong>qui</strong></span> <span class='ocrx_word' id='word_1_215' title='bbox 404 2253 621 2331; x_wconf 76' lang='lat' dir='ltr'><strong>largitionibus</strong></span> <span class='ocrx_word' id='word_1_216' title='bbox 643 2255 779 2332; x_wconf 80' lang='lat' dir='ltr'><strong>corrupti</strong></span> <span class='ocrx_word' id='word_1_217' title='bbox 797 2272 887 2331; x_wconf 81' lang='lat' dir='ltr'><strong>remp.</strong></span> <span class='ocrx_word' id='word_1_218' title='bbox 898 2252 1138 2328; x_wconf 70' lang='lat' dir='ltr'><strong>labefactarunt.</strong></span> <span class='ocrx_word' id='word_1_219' title='bbox 1159 2274 1294 2317; x_wconf 70' lang='lat' dir='ltr'><strong>sunm.</strong></span> 
     </span>
     <span class='ocr_line' id='line_1_25' title="bbox 195 2335 1296 2417; baseline 0.005 -23"><span class='ocrx_word' id='word_1_220' title='bbox 195 2335 323 2395; x_wconf 88' lang='lat' dir='ltr'><strong>Multum</strong></span> <span class='ocrx_word' id='word_1_221' title='bbox 343 2347 423 2396; x_wconf 78' lang='lat' dir='ltr'><strong>errat</strong></span> <span class='ocrx_word' id='word_1_222' title='bbox 437 2338 580 2417; x_wconf 89' lang='lat' dir='ltr'><strong>Taylorus</strong></span> <span class='ocrx_word' id='word_1_223' title='bbox 599 2346 628 2395; x_wconf 86' lang='lat' dir='ltr'><strong>et</strong></span> <span class='ocrx_word' id='word_1_224' title='bbox 646 2338 722 2396; x_wconf 80' lang='lat' dir='ltr'><strong>rnele</strong></span> <span class='ocrx_word' id='word_1_225' title='bbox 746 2337 958 2415; x_wconf 81' lang='lat' dir='ltr'><strong>interpungens</strong></span> <span class='ocrx_word' id='word_1_226' title='bbox 979 2337 1080 2395; x_wconf 88' lang='lat' dir='ltr'><strong>locum</strong></span> <span class='ocrx_word' id='word_1_227' title='bbox 1093 2346 1123 2396; x_wconf 91' lang='lat' dir='ltr'><strong>et</strong></span> <span class='ocrx_word' id='word_1_228' title='bbox 1137 2340 1296 2417; x_wconf 74' lang='lat' dir='ltr'><strong>vulgatam</strong></span> 
     </span>
     <span class='ocr_line' id='line_1_26' title="bbox 192 2420 1295 2499; baseline 0.005 -20"><span class='ocrx_word' id='word_1_229' title='bbox 192 2420 284 2498; x_wconf 83' lang='lat' dir='ltr'><strong>longe</strong></span> <span class='ocrx_word' id='word_1_230' title='bbox 296 2421 496 2496; x_wconf 81' lang='lat' dir='ltr'><strong>sanissimum,</strong></span> <span class='ocrx_word' id='word_1_231' title='bbox 517 2442 605 2499; x_wconf 84' lang='lat' dir='ltr'><strong>quam</strong></span> <span class='ocrx_word' id='word_1_232' title='bbox 624 2431 725 2480; x_wconf 88' lang='lat' dir='ltr'><strong>tuetur</strong></span> <span class='ocrx_word' id='word_1_233' title='bbox 748 2421 836 2480; x_wconf 86' lang='lat' dir='ltr'><strong>etiam</strong></span> <span class='ocrx_word' id='word_1_234' title='bbox 852 2420 1017 2479; x_wconf 78' lang='lat' dir='ltr'><strong>Mursellhsi</strong></span> <span class='ocrx_word' id='word_1_235' title='bbox 1041 2422 1190 2482; x_wconf 79' lang='lat' dir='ltr'><strong>alleislsio</strong></span> <span class='ocrx_word' id='word_1_236' title='bbox 1207 2425 1295 2484; x_wconf 81' lang='lat' dir='ltr'><strong>citati</strong></span> 
     </span>
     <span class='ocr_line' id='line_1_27' title="bbox 195 2504 1295 2585; baseline 0.006 -23"><span class='ocrx_word' id='word_1_237' title='bbox 195 2506 501 2582; x_wconf 54' lang='lat' dir='ltr'><strong>nuptoritnuinsolici</strong></span> <span class='ocrx_word' id='word_1_238' title='bbox 519 2507 692 2564; x_wconf 78' lang='lat' dir='ltr'><strong>coniectura</strong></span> <span class='ocrx_word' id='word_1_239' title='bbox 714 2525 920 2585; x_wconf 85' lang='lat' dir='ltr'><strong>corrumpens:</strong></span> <span class='ocrx_word' id='word_1_240' title='bbox 943 2504 1026 2563; x_wconf 79' lang='lat' dir='ltr'><strong>u&#39;nde</strong></span> <span class='ocrx_word' id='word_1_241' title='bbox 1037 2525 1140 2565; x_wconf 89' lang='lat' dir='ltr'><strong>sensus</strong></span> <span class='ocrx_word' id='word_1_242' title='bbox 1154 2509 1295 2570; x_wconf 77' lang='lat' dir='ltr'><strong>nascitur</strong></span> 
     </span>
     <span class='ocr_line' id='line_1_28' title="bbox 194 2588 1296 2657; baseline 0.006 -10"><span class='ocrx_word' id='word_1_243' title='bbox 194 2609 213 2647; x_wconf 85' lang='grc' dir='ltr'><strong><em>ι</em></strong></span> <span class='ocrx_word' id='word_1_244' title='bbox 226 2600 328 2657; x_wconf 83' lang='lat' dir='ltr'><strong>mente</strong></span> <span class='ocrx_word' id='word_1_245' title='bbox 339 2591 475 2651; x_wconf 77' lang='lat' dir='ltr'><strong>Oratoris</strong></span> <span class='ocrx_word' id='word_1_246' title='bbox 490 2590 695 2649; x_wconf 77' lang='lat' dir='ltr'><strong>alienissimus.</strong></span> <span class='ocrx_word' id='word_1_247' title='bbox 725 2589 936 2649; x_wconf 82' lang='lat' dir='ltr'><strong>Demosthenes</strong></span> <span class='ocrx_word' id='word_1_248' title='bbox 950 2588 1010 2647; x_wconf 87' lang='lat' dir='ltr'><strong>hoe</strong></span> <span class='ocrx_word' id='word_1_249' title='bbox 1024 2589 1112 2646; x_wconf 87' lang='lat' dir='ltr'><strong>dicit:</strong></span> <span class='ocrx_word' id='word_1_250' title='bbox 1133 2591 1296 2654; x_wconf 70' lang='lat' dir='ltr'><strong>Charetem</strong></span> 
     </span>
     <span class='ocr_line' id='line_1_29' title="bbox 192 2672 1296 2753; baseline 0.007 -22"><span class='ocrx_word' id='word_1_251' title='bbox 192 2672 226 2731; x_wconf 90' lang='lat' dir='ltr'><strong>in</strong></span> <span class='ocrx_word' id='word_1_252' title='bbox 249 2674 326 2732; x_wconf 92' lang='lat' dir='ltr'><strong>bello</strong></span> <span class='ocrx_word' id='word_1_253' title='bbox 351 2674 479 2751; x_wconf 87' lang='lat' dir='ltr'><strong>gerendo</strong></span> <span class='ocrx_word' id='word_1_254' title='bbox 499 2685 598 2753; x_wconf 86' lang='lat' dir='ltr'><strong>partes</strong></span> <span class='ocrx_word' id='word_1_255' title='bbox 623 2675 678 2733; x_wconf 90' lang='lat' dir='ltr'><strong>sibi</strong></span> <span class='ocrx_word' id='word_1_256' title='bbox 706 2674 788 2732; x_wconf 87' lang='lat' dir='ltr'><strong>datas</strong></span> <span class='ocrx_word' id='word_1_257' title='bbox 820 2673 987 2752; x_wconf 87' lang='lat' dir='ltr'><strong>implevisse</strong></span> <span class='ocrx_word' id='word_1_258' title='bbox 1015 2681 1132 2732; x_wconf 81' lang='lat' dir='ltr'><strong>tantum</strong></span> <span class='ocrx_word' id='word_1_259' title='bbox 1153 2676 1239 2737; x_wconf 84' lang='lat' dir='ltr'><strong>abest</strong></span> <span class='ocrx_word' id='word_1_260' title='bbox 1256 2688 1296 2738; x_wconf 85' lang='lat' dir='ltr'><strong>ut</strong></span> 
     </span>
     <span class='ocr_line' id='line_1_30' title="bbox 166 2757 1295 2839; baseline 0.008 -24"><span class='ocrx_word' id='word_1_261' title='bbox 166 2776 168 2780; x_wconf 89' lang='lat'>·</span> <span class='ocrx_word' id='word_1_262' title='bbox 191 2759 358 2838; x_wconf 80' lang='lat' dir='ltr'><strong>praefracte</strong></span> <span class='ocrx_word' id='word_1_263' title='bbox 368 2759 533 2834; x_wconf 84' lang='lat' dir='ltr'><strong>delendam,</strong></span> <span class='ocrx_word' id='word_1_264' title='bbox 549 2770 584 2818; x_wconf 89' lang='lat' dir='ltr'><strong>ut</strong></span> <span class='ocrx_word' id='word_1_265' title='bbox 597 2780 635 2817; x_wconf 86' lang='lat' dir='ltr'><strong>ex</strong></span> <span class='ocrx_word' id='word_1_266' title='bbox 650 2758 817 2818; x_wconf 76' lang='lat' dir='ltr'><strong>abundante</strong></span> <span class='ocrx_word' id='word_1_267' title='bbox 831 2758 960 2818; x_wconf 84' lang='lat' dir='ltr'><strong>liberalis</strong></span> <span class='ocrx_word' id='word_1_268' title='bbox 969 2757 1116 2839; x_wconf 85' lang='lat' dir='ltr'><strong>tantisper</strong></span> <span class='ocrx_word' id='word_1_269' title='bbox 1127 2762 1295 2823; x_wconf 78' lang='lat' dir='ltr'><strong>concedens</strong></span> 
     </span>
     <span class='ocr_line' id='line_1_31' title="bbox 190 2839 1013 2923; baseline -0.004 -20"><span class='ocrx_word' id='word_1_270' title='bbox 190 2839 343 2903; x_wconf 75' lang='lat' dir='ltr'><strong>hominem</strong></span> <span class='ocrx_word' id='word_1_271' title='bbox 358 2845 447 2923; x_wconf 88' lang='lat' dir='ltr'><strong>culpa</strong></span> <span class='ocrx_word' id='word_1_272' title='bbox 461 2864 524 2902; x_wconf 93' lang='lat' dir='ltr'><strong>non</strong></span> <span class='ocrx_word' id='word_1_273' title='bbox 536 2860 650 2905; x_wconf 76' lang='lat' dir='ltr'><strong>veeste</strong></span> <span class='ocrx_word' id='word_1_274' title='bbox 672 2860 826 2902; x_wconf 82' lang='lat' dir='ltr'><strong>scussrnn.</strong></span> <span class='ocrx_word' id='word_1_275' title='bbox 971 2893 975 2900; x_wconf 88' lang='lat'><strong>.</strong></span> <span class='ocrx_word' id='word_1_276' title='bbox 1009 2864 1013 2871; x_wconf 82' lang='grc'>’</span> 
     </span>
    </p>

    <p class='ocr_par' dir='ltr' id='par_1_7' title="bbox 152 2919 1314 3326">
     <span class='ocr_line' id='line_1_32' title="bbox 277 2919 1314 3009; baseline 0.001 -23"><span class='ocrx_word' id='word_1_277' title='bbox 277 2928 310 2986; x_wconf 92' lang='lat' dir='ltr'>P</span> <span class='ocrx_word' id='word_1_278' title='bbox 325 2932 397 2992; x_wconf 86' lang='grc'><strong>447</strong></span> <span class='ocrx_word' id='word_1_279' title='bbox 411 2948 442 2987; x_wconf 81' lang='lat' dir='ltr'><strong>v.</strong></span> <span class='ocrx_word' id='word_1_280' title='bbox 456 2932 507 2994; x_wconf 93' lang='grc'><strong>22.</strong></span> <span class='ocrx_word' id='word_1_281' title='bbox 537 2951 570 2993; x_wconf 87' lang='grc' dir='ltr'><strong>ευ</strong></span> <span class='ocrx_word' id='word_1_282' title='bbox 562 2923 749 3009; x_wconf 63' lang='grc' dir='ltr'><strong>Ρρεθήσεται]</strong></span> <span class='ocrx_word' id='word_1_283' title='bbox 793 2919 951 3006; x_wconf 73' lang='grc' dir='ltr'><strong><em>εὑρήσεται</em></strong></span> <span class='ocrx_word' id='word_1_284' title='bbox 969 2925 1145 3002; x_wconf 73' lang='grc' dir='ltr'><strong><em>Βονιαίυαι,</em></strong></span> <span class='ocrx_word' id='word_1_285' title='bbox 1166 2925 1237 2991; x_wconf 74' lang='lat' dir='ltr'><strong>sle.</strong></span> <span class='ocrx_word' id='word_1_286' title='bbox 1257 2930 1293 2993; x_wconf 83' lang='lat' dir='ltr'><strong>P.</strong></span> <span class='ocrx_word' id='word_1_287' title='bbox 1311 2983 1314 2987; x_wconf 90' lang='grc'><em>,</em></span> 
     </span>
     <span class='ocr_line' id='line_1_33' title="bbox 152 3008 1297 3096; baseline 0.001 -22"><span class='ocrx_word' id='word_1_288' title='bbox 152 3045 156 3051; x_wconf 90' lang='grc'>·</span> <span class='ocrx_word' id='word_1_289' title='bbox 191 3008 354 3074; x_wconf 81' lang='lat' dir='ltr'><strong>Manutius.</strong></span> <span class='ocrx_word' id='word_1_290' title='bbox 369 3032 467 3073; x_wconf 76' lang='lat' dir='ltr'><strong>reuss.</strong></span> <span class='ocrx_word' id='word_1_291' title='bbox 491 3035 612 3093; x_wconf 80' lang='grc' dir='ltr'><strong><em>ευρηται</em></strong></span> <span class='ocrx_word' id='word_1_292' title='bbox 622 3012 747 3071; x_wconf 78' lang='lat' dir='ltr'><strong>liekleer</strong></span> <span class='ocrx_word' id='word_1_293' title='bbox 768 3008 859 3083; x_wconf 85' lang='lat' dir='ltr'><strong>Quod</strong></span> <span class='ocrx_word' id='word_1_294' title='bbox 875 3008 927 3089; x_wconf 86' lang='lat' dir='ltr'><strong>qul</strong></span> <span class='ocrx_word' id='word_1_295' title='bbox 943 3009 1043 3069; x_wconf 88' lang='lat' dir='ltr'><strong>locum</strong></span> <span class='ocrx_word' id='word_1_296' title='bbox 1054 3008 1105 3069; x_wconf 87' lang='lat' dir='ltr'><strong>hle</strong></span> <span class='ocrx_word' id='word_1_297' title='bbox 1117 3013 1199 3073; x_wconf 84' lang='lat' dir='ltr'><strong>tuen</strong></span> <span class='ocrx_word' id='word_1_298' title='bbox 1216 3034 1297 3096; x_wconf 85' lang='lat' dir='ltr'><strong>pos·</strong></span> 
     </span>
     <span class='ocr_line' id='line_1_34' title="bbox 192 3088 1296 3181; baseline 0.005 -26"><span class='ocrx_word' id='word_1_299' title='bbox 192 3095 309 3156; x_wconf 90' lang='lat' dir='ltr'><strong>sitnon</strong></span> <span class='ocrx_word' id='word_1_300' title='bbox 326 3094 468 3174; x_wconf 79' lang='lat' dir='ltr'><strong>intelligo</strong></span> <span class='ocrx_word' id='word_1_301' title='bbox 494 3096 603 3155; x_wconf 87' lang='lat' dir='ltr'><strong>Notum</strong></span> <span class='ocrx_word' id='word_1_302' title='bbox 621 3116 683 3154; x_wconf 90' lang='lat' dir='ltr'><strong>esse</strong></span> <span class='ocrx_word' id='word_1_303' title='bbox 702 3115 740 3154; x_wconf 83' lang='lat' dir='ltr'><strong>ex</strong></span> <span class='ocrx_word' id='word_1_304' title='bbox 764 3088 919 3175; x_wconf 69' lang='grc' dir='ltr'><strong><em>εὑρήσεται</em></strong></span> <span class='ocrx_word' id='word_1_305' title='bbox 937 3093 1009 3155; x_wconf 85' lang='lat' dir='ltr'><strong>sutis</strong></span> <span class='ocrx_word' id='word_1_306' title='bbox 1023 3094 1193 3175; x_wconf 83' lang='lat' dir='ltr'><strong>manifesto,</strong></span> <span class='ocrx_word' id='word_1_307' title='bbox 1221 3100 1296 3181; x_wconf 87' lang='lat' dir='ltr'><strong>opi·</strong></span> 
     </span>
     <span class='ocr_line' id='line_1_35' title="bbox 166 3143 1295 3262; baseline 0.001 -22"><span class='ocrx_word' id='word_1_308' title='bbox 166 3188 267 3257; x_wconf 85' lang='lat' dir='ltr'><strong>¹nor&#39;,</strong></span> <span class='ocrx_word' id='word_1_309' title='bbox 292 3180 379 3239; x_wconf 74' lang='lat' dir='ltr'><strong>(locet</strong></span> <span class='ocrx_word' id='word_1_310' title='bbox 400 3181 515 3261; x_wconf 86' lang='lat' dir='ltr'><strong>reliqna</strong></span> <span class='ocrx_word' id='word_1_311' title='bbox 535 3181 700 3262; x_wconf 81' lang='lat' dir='ltr'><strong>scripturae</strong></span> <span class='ocrx_word' id='word_1_312' title='bbox 719 3179 876 3239; x_wconf 82' lang='lat' dir='ltr'><strong>diversitas</strong></span> <span class='ocrx_word' id='word_1_313' title='bbox 898 3197 914 3238; x_wconf 91' lang='lat' dir='ltr'><strong>e</strong></span> <span class='ocrx_word' id='word_1_314' title='bbox 937 3176 1029 3237; x_wconf 73' lang='lat' dir='ltr'><strong>coen</strong></span> <span class='ocrx_word' id='word_1_315' title='bbox 1044 3177 1137 3242; x_wconf 74' lang='lat' dir='ltr'><strong>Bekk</strong></span> <span class='ocrx_word' id='word_1_316' title='bbox 1160 3143 1295 3246; x_wconf 76' lang='lat' dir='ltr'><strong>eriotnts.</strong></span> 
     </span>
     <span class='ocr_line' id='line_1_36' title="bbox 192 3284 358 3326; baseline -0.006 -1"><span class='ocrx_word' id='word_1_317' title='bbox 192 3284 358 3326; x_wconf 78' lang='lat' dir='ltr'><strong>soussrrn.</strong></span> 
     </span>
    </p>

    <p class='ocr_par' dir='ltr' id='par_1_8' title="bbox 193 3342 1294 3495">
     <span class='ocr_line' id='line_1_37' title="bbox 278 3342 1294 3443; baseline 0.002 -34"><span class='ocrx_word' id='word_1_318' title='bbox 278 3351 396 3416; x_wconf 82' lang='grc' dir='ltr'><strong>Ρ.4.4’1</strong></span> <span class='ocrx_word' id='word_1_319' title='bbox 411 3369 441 3409; x_wconf 84' lang='lat' dir='ltr'><strong>v.</strong></span> <span class='ocrx_word' id='word_1_320' title='bbox 453 3353 504 3415; x_wconf 82' lang='lat'><strong>28.</strong></span> <span class='ocrx_word' id='word_1_321' title='bbox 526 3342 591 3429; x_wconf 69' lang='grc' dir='ltr'><strong><em>ἐπ’]</em></strong></span> <span class='ocrx_word' id='word_1_322' title='bbox 624 3370 670 3432; x_wconf 75' lang='grc' dir='ltr'><strong>χρ.</strong></span> <span class='ocrx_word' id='word_1_323' title='bbox 690 3346 724 3412; x_wconf 78' lang='grc' dir='ltr'><strong><em>ἔν</em></strong></span> <span class='ocrx_word' id='word_1_324' title='bbox 746 3346 839 3408; x_wconf 85' lang='lat' dir='ltr'><strong>Paris</strong></span> <span class='ocrx_word' id='word_1_325' title='bbox 854 3354 991 3425; x_wconf 84' lang='lat' dir='ltr'><strong>quartus,</strong></span> <span class='ocrx_word' id='word_1_326' title='bbox 1014 3345 1140 3443; x_wconf 74' lang='lat' dir='ltr'><strong>August.</strong></span> <span class='ocrx_word' id='word_1_327' title='bbox 1163 3347 1294 3431; x_wconf 85' lang='lat' dir='ltr'><strong>primus.</strong></span> 
     </span>
     <span class='ocr_line' id='line_1_38' title="bbox 193 3453 290 3495; baseline 0.01 -2"><span class='ocrx_word' id='word_1_328' title='bbox 193 3453 290 3495; x_wconf 73' lang='lat' dir='ltr'><strong>unx.</strong></span> 
     </span>
    </p>

    <p class='ocr_par' dir='ltr' id='par_1_9' title="bbox 261 3511 1123 3600">
     <span class='ocr_line' id='line_1_39' title="bbox 261 3511 1123 3600; baseline -0.004 -21.936"><span class='ocrx_word' id='word_1_329' title='bbox 261 3520 311 3578; x_wconf 92' lang='lat' dir='ltr'>P</span> <span class='ocrx_word' id='word_1_330' title='bbox 326 3522 398 3584; x_wconf 85' lang='grc'><strong>447</strong></span> <span class='ocrx_word' id='word_1_331' title='bbox 414 3538 445 3578; x_wconf 85' lang='lat' dir='ltr'><strong>v.</strong></span> <span class='ocrx_word' id='word_1_332' title='bbox 458 3519 508 3585; x_wconf 90' lang='grc'><strong>25.</strong></span> <span class='ocrx_word' id='word_1_333' title='bbox 528 3513 663 3599; x_wconf 82' lang='grc' dir='ltr'><strong><em>πολλῶν]</em></strong></span> <span class='ocrx_word' id='word_1_334' title='bbox 692 3516 835 3600; x_wconf 76' lang='grc' dir='ltr'><strong><em>πολλμΡ.</em></strong></span> <span class='ocrx_word' id='word_1_335' title='bbox 846 3511 1006 3577; x_wconf 85' lang='lat' dir='ltr'><strong>Manutius.</strong></span> <span class='ocrx_word' id='word_1_336' title='bbox 1027 3534 1123 3575; x_wconf 77' lang='lat' dir='ltr'><strong>usus.</strong></span> 
     </span>
    </p>

    <p class='ocr_par' dir='ltr' id='par_1_10' title="bbox 221 3579 1295 3683">
     <span class='ocr_line' id='line_1_40' title="bbox 221 3579 1295 3683; baseline 0 -20"><span class='ocrx_word' id='word_1_337' title='bbox 221 3604 310 3663; x_wconf 92' lang='grc' dir='ltr'><strong>Ρ</strong></span> <span class='ocrx_word' id='word_1_338' title='bbox 324 3607 395 3668; x_wconf 84' lang='grc'><strong>447.</strong></span> <span class='ocrx_word' id='word_1_339' title='bbox 413 3623 442 3662; x_wconf 77' lang='lat' dir='ltr'><strong>v.</strong></span> <span class='ocrx_word' id='word_1_340' title='bbox 456 3606 508 3669; x_wconf 88' lang='grc'><strong>25</strong></span> <span class='ocrx_word' id='word_1_341' title='bbox 536 3607 655 3664; x_wconf 85' lang='grc' dir='ltr'><strong><em>πολλῶν</em></strong></span> <span class='ocrx_word' id='word_1_342' title='bbox 672 3579 824 3683; x_wconf 75' lang='grc' dir='ltr'><strong><em>νοτερῶν]</em></strong></span> <span class='ocrx_word' id='word_1_343' title='bbox 852 3600 942 3658; x_wconf 82' lang='lat' dir='ltr'><strong>Recte</strong></span> <span class='ocrx_word' id='word_1_344' title='bbox 964 3598 1190 3680; x_wconf 81' lang='lat' dir='ltr'><strong>interpretetur</strong></span> <span class='ocrx_word' id='word_1_345' title='bbox 1201 3599 1295 3663; x_wconf 81' lang='lat' dir='ltr'><strong>Reis-</strong></span> 
     </span>
    </p>
   </div>
   <div class='ocr_carea' id='block_1_7' title="bbox 69 3686 797 3768">
    <p class='ocr_par' dir='ltr' id='par_1_11' title="bbox 69 3686 797 3768">
     <span class='ocr_line' id='line_1_41' title="bbox 69 3686 797 3768; baseline -0.007 -20"><span class='ocrx_word' id='word_1_346' title='bbox 69 3690 73 3703; x_wconf 84' lang='lat'>&#39;</span> <span class='ocrx_word' id='word_1_347' title='bbox 192 3686 797 3768; x_wconf 75' lang='lat' dir='ltr'><strong>lesuslndGraecit.p.520.so11ssrnu.</strong></span> 
     </span>
    </p>
   </div>
   <div class='ocr_carea' id='block_1_8' title="bbox 192 3766 1294 3960">
    <p class='ocr_par' dir='ltr' id='par_1_12' title="bbox 192 3766 1294 3958">
     <span class='ocr_line' id='line_1_42' title="bbox 280 3766 1294 3850; baseline -0.012 -14"><span class='ocrx_word' id='word_1_348' title='bbox 280 3773 394 3836; x_wconf 69' lang='lat' dir='ltr'><strong>Rite</strong></span> <span class='ocrx_word' id='word_1_349' title='bbox 411 3792 441 3830; x_wconf 76' lang='lat' dir='ltr'><strong>v-</strong></span> <span class='ocrx_word' id='word_1_350' title='bbox 457 3777 508 3837; x_wconf 87' lang='grc'><strong>26.</strong></span> <span class='ocrx_word' id='word_1_351' title='bbox 538 3766 638 3848; x_wconf 75' lang='grc' dir='ltr'><strong><em>πάνυ]</em></strong></span> <span class='ocrx_word' id='word_1_352' title='bbox 676 3766 796 3850; x_wconf 78' lang='grc' dir='ltr'><strong><em>σφόδρα</em></strong></span> <span class='ocrx_word' id='word_1_353' title='bbox 817 3767 907 3827; x_wconf 85' lang='lat' dir='ltr'><strong>Paris.</strong></span> <span class='ocrx_word' id='word_1_354' title='bbox 931 3766 1079 3826; x_wconf 80' lang='lat' dir='ltr'><strong>secundus</strong></span> <span class='ocrx_word' id='word_1_355' title='bbox 1102 3777 1133 3826; x_wconf 91' lang='lat' dir='ltr'><strong>et</strong></span> <span class='ocrx_word' id='word_1_356' title='bbox 1151 3776 1294 3847; x_wconf 69' lang='lat' dir='ltr'><strong>quartu,</strong></span> 
     </span>
     <span class='ocr_line' id='line_1_43' title="bbox 192 3851 1293 3960; baseline 0.002 -46"><span class='ocrx_word' id='word_1_357' title='bbox 192 3853 318 3958; x_wconf 58' lang='lat' dir='ltr'><strong>August.</strong></span> <span class='ocrx_word' id='word_1_358' title='bbox 338 3856 452 3935; x_wconf 86' lang='lat' dir='ltr'><strong>primus</strong></span> <span class='ocrx_word' id='word_1_359' title='bbox 471 3866 500 3914; x_wconf 93' lang='lat' dir='ltr'><strong>et</strong></span> <span class='ocrx_word' id='word_1_360' title='bbox 519 3855 681 3930; x_wconf 86' lang='lat' dir='ltr'><strong>secundus,</strong></span> <span class='ocrx_word' id='word_1_361' title='bbox 703 3853 877 3926; x_wconf 83' lang='lat' dir='ltr'><strong>Bavsricus,</strong></span> <span class='ocrx_word' id='word_1_362' title='bbox 904 3852 1014 3910; x_wconf 77' lang='lat' dir='ltr'><strong>Aldine</strong></span> <span class='ocrx_word' id='word_1_363' title='bbox 1037 3851 1167 3960; x_wconf 69' lang='lat' dir='ltr'><strong>Tsplori.</strong></span> <span class='ocrx_word' id='word_1_364' title='bbox 1187 3872 1293 3916; x_wconf 73' lang='lat' dir='ltr'><strong>nsrst.</strong></span> 
     </span>
    </p>
   </div>
   <div class='ocr_carea' id='block_1_9' title="bbox 193 3896 1291 4038">
    <p class='ocr_par' dir='ltr' id='par_1_13' title="bbox 193 3896 1291 4038">
     <span class='ocr_line' id='line_1_44' title="bbox 193 3896 1291 4038; baseline -0.004 -36"><span class='ocrx_word' id='word_1_365' title='bbox 193 3940 314 4038; x_wconf 78' lang='grc' dir='ltr'><strong><em>σφοδρα</em></strong></span> <span class='ocrx_word' id='word_1_366' title='bbox 334 3941 459 4000; x_wconf 82' lang='lat' dir='ltr'><strong>Bekker.</strong></span> <span class='ocrx_word' id='word_1_367' title='bbox 498 3940 588 4012; x_wconf 83' lang='lat' dir='ltr'><strong>Quod</strong></span> <span class='ocrx_word' id='word_1_368' title='bbox 613 3939 703 3997; x_wconf 83' lang='lat' dir='ltr'><strong>unios</strong></span> <span class='ocrx_word' id='word_1_369' title='bbox 729 3896 930 4018; x_wconf 80' lang='lat' dir='ltr'><strong>probandism</strong></span> <span class='ocrx_word' id='word_1_370' title='bbox 955 3957 1024 3995; x_wconf 82' lang='lat' dir='ltr'><strong>nom</strong></span> <span class='ocrx_word' id='word_1_371' title='bbox 1045 3952 1127 3999; x_wconf 76' lang='grc' dir='ltr'><strong><em>πανυ</em></strong></span> <span class='ocrx_word' id='word_1_372' title='bbox 1145 3936 1291 3998; x_wconf 59' lang='lat' dir='ltr'><strong>(tratetis</strong></span> 
     </span>
    </p>
   </div>
   <div class='ocr_carea' id='block_1_10' title="bbox 96 4020 1293 4103">
    <p class='ocr_par' dir='ltr' id='par_1_14' title="bbox 96 4020 1293 4103">
     <span class='ocr_line' id='line_1_45' title="bbox 96 4020 1293 4103; baseline 0.002 -22"><span class='ocrx_word' id='word_1_373' title='bbox 96 4054 98 4059; x_wconf 93' lang='lat'>·</span> <span class='ocrx_word' id='word_1_374' title='bbox 191 4026 286 4082; x_wconf 90' lang='lat' dir='ltr'><strong>menti</strong></span> <span class='ocrx_word' id='word_1_375' title='bbox 302 4046 391 4103; x_wconf 86' lang='lat' dir='ltr'><strong>quam</strong></span> <span class='ocrx_word' id='word_1_376' title='bbox 402 4026 529 4083; x_wconf 70' lang='lat' dir='ltr'><strong>maxim</strong></span> <span class='ocrx_word' id='word_1_377' title='bbox 541 4025 723 4082; x_wconf 84' lang='lat' dir='ltr'><strong>adversatur.</strong></span> <span class='ocrx_word' id='word_1_378' title='bbox 741 4024 852 4100; x_wconf 87' lang='lat' dir='ltr'><strong>Nempe</strong></span> <span class='ocrx_word' id='word_1_379' title='bbox 864 4021 1019 4079; x_wconf 89' lang='lat' dir='ltr'><strong>multum</strong></span> <span class='ocrx_word' id='word_1_380' title='bbox 1009 4031 1088 4080; x_wconf 86' lang='lat' dir='ltr'><strong>mter</strong></span> <span class='ocrx_word' id='word_1_381' title='bbox 1100 4040 1131 4079; x_wconf 89' lang='lat' dir='ltr'><strong>se</strong></span> <span class='ocrx_word' id='word_1_382' title='bbox 1144 4020 1293 4083; x_wconf 80' lang='lat' dir='ltr'><strong>differunt</strong></span> 
     </span>
    </p>
   </div>
   <div class='ocr_carea' id='block_1_11' title="bbox 146 4100 1293 4361">
    <p class='ocr_par' dir='ltr' id='par_1_15' title="bbox 146 4100 1293 4361">
     <span class='ocr_line' id='line_1_46' title="bbox 192 4100 1292 4192; baseline -0.004 -23"><span class='ocrx_word' id='word_1_383' title='bbox 192 4103 231 4169; x_wconf 85' lang='grc' dir='ltr'><strong><em>ου’</em></strong></span> <span class='ocrx_word' id='word_1_384' title='bbox 248 4104 331 4171; x_wconf 68' lang='lat' dir='ltr'><strong>reiro</strong></span> <span class='ocrx_word' id='word_1_385' title='bbox 347 4112 563 4192; x_wconf 72' lang='grc' dir='ltr'><strong><em>διισχυρίζομαι</em></strong></span> <span class='ocrx_word' id='word_1_386' title='bbox 579 4120 608 4167; x_wconf 88' lang='lat' dir='ltr'><strong>et</strong></span> <span class='ocrx_word' id='word_1_387' title='bbox 623 4131 659 4169; x_wconf 91' lang='grc' dir='ltr'><strong><em>ου</em></strong></span> <span class='ocrx_word' id='word_1_388' title='bbox 653 4100 790 4185; x_wconf 78' lang='grc' dir='ltr'><strong><em>’σφοδρα</em></strong></span> <span class='ocrx_word' id='word_1_389' title='bbox 808 4107 1052 4184; x_wconf 76' lang='grc' dir='ltr'><strong><em>ἆιϊσχυρλζομαι</em></strong></span> <span class='ocrx_word' id='word_1_390' title='bbox 1064 4102 1145 4165; x_wconf 89' lang='lat' dir='ltr'><strong>Illud</strong></span> <span class='ocrx_word' id='word_1_391' title='bbox 1158 4114 1204 4165; x_wconf 80' lang='lat' dir='ltr'><strong>est</strong></span> <span class='ocrx_word' id='word_1_392' title='bbox 1219 4106 1241 4165; x_wconf 88' lang='lat' dir='ltr'><strong>i.</strong></span> <span class='ocrx_word' id='word_1_393' title='bbox 1257 4126 1292 4187; x_wconf 81' lang='lat' dir='ltr'><strong>q.</strong></span> 
     </span>
     <span class='ocr_line' id='line_1_47' title="bbox 190 4181 1293 4275; baseline -0.002 -23"><span class='ocrx_word' id='word_1_394' title='bbox 190 4186 333 4272; x_wconf 74' lang='grc' dir='ltr'><strong><em>ου’ῶαμῶς</em></strong></span> <span class='ocrx_word' id='word_1_395' title='bbox 354 4196 585 4275; x_wconf 58' lang='grc' dir='ltr'><strong><em>διλσχνρλζομστ,</em></strong></span> <span class='ocrx_word' id='word_1_396' title='bbox 608 4193 698 4261; x_wconf 73' lang='lat' dir='ltr'><strong>nulla</strong></span> <span class='ocrx_word' id='word_1_397' title='bbox 717 4196 838 4249; x_wconf 77' lang='lat' dir='ltr'><strong>ratione</strong></span> <span class='ocrx_word' id='word_1_398' title='bbox 855 4192 1000 4266; x_wconf 70' lang='lat' dir='ltr'><strong>affirm:</strong></span> <span class='ocrx_word' id='word_1_399' title='bbox 1024 4181 1057 4248; x_wconf 82' lang='lat' dir='ltr'><strong>id</strong></span> <span class='ocrx_word' id='word_1_400' title='bbox 1081 4189 1293 4268; x_wconf 80' lang='lat' dir='ltr'><strong>quodllemo-</strong></span> 
     </span>
     <span class='ocr_line' id='line_1_48' title="bbox 146 4273 1293 4361; baseline 0.006 -30"><span class='ocrx_word' id='word_1_401' title='bbox 146 4354 151 4361; x_wconf 88' lang='lat'><strong>.</strong></span> <span class='ocrx_word' id='word_1_402' title='bbox 189 4274 310 4336; x_wconf 80' lang='lat' dir='ltr'><strong>sthenes</strong></span> <span class='ocrx_word' id='word_1_403' title='bbox 324 4278 443 4337; x_wconf 71' lang='lat' dir='ltr'><strong>Christi</strong></span> <span class='ocrx_word' id='word_1_404' title='bbox 456 4281 558 4337; x_wconf 83' lang='lat' dir='ltr'><strong>favens</strong></span> <span class='ocrx_word' id='word_1_405' title='bbox 574 4286 610 4336; x_wconf 88' lang='lat' dir='ltr'><strong>ut</strong></span> <span class='ocrx_word' id='word_1_406' title='bbox 623 4276 736 4335; x_wconf 88' lang='lat' dir='ltr'><strong>diceret</strong></span> <span class='ocrx_word' id='word_1_407' title='bbox 750 4296 814 4336; x_wconf 86' lang='lat' dir='ltr'><strong>non</strong></span> <span class='ocrx_word' id='word_1_408' title='bbox 826 4284 889 4336; x_wconf 79' lang='lat' dir='ltr'><strong>eret</strong></span> <span class='ocrx_word' id='word_1_409' title='bbox 901 4274 935 4333; x_wconf 90' lang='lat' dir='ltr'><strong>in</strong></span> <span class='ocrx_word' id='word_1_410' title='bbox 950 4274 1082 4335; x_wconf 76' lang='lat' dir='ltr'><strong>mimine</strong></span> <span class='ocrx_word' id='word_1_411' title='bbox 1094 4273 1293 4338; x_wconf 68' lang='lat' dir='ltr'><strong>intusum</strong></span> 
     </span>
    </p>
   </div>
   <div class='ocr_carea' id='block_1_12' title="bbox 0 0 1392 4740">
    <p class='ocr_par' dir='ltr' id='par_1_16' title="bbox 0 0 1392 4740">
     <span class='ocr_line' id='line_1_49' title="bbox 0 0 1392 4740; baseline 0 1"><span class='ocrx_word' id='word_1_412' title='bbox 0 0 1392 4740; x_wconf 95' lang='lat' dir='ltr'><strong> </strong></span> 
     </span>
    </p>
   </div>
  </div>
 </body>
</html>
