2774 4740
49 266 52 271 ,
139 213 204 289 ςςς
399 180 674 283 stanneis-1
705 164 1001 277 anserino*

74 396 81 407 ’
105 360 118 381 ‘
141 388 224 449 simis
235 387 417 453 interiectis:
429 384 489 470 πρδ
505 375 629 467 τοῦτδς
641 372 882 470 παραπρεσβείας
895 380 1021 470 ἆγοΐνος.
1044 386 1167 468 Semper
1183 384 1247 447 ds··

139 475 229 553 nique
240 475 283 534 ita
295 474 495 553 indigitantur
512 472 659 534 orationes
682 474 830 549 forenses,
850 473 895 532 uti
912 472 993 553 apud
1005 473 1124 552 Lysiam
1136 472 1237 552 pluri·

118 579 219 642 =triste:
239 560 302 618 scil.
323 555 415 639 ‘terte
440 560 574 621 Καλλίου
595 558 781 639 ἱεροσυλίας.Ι
804 551 877 619 Κατ’
892 551 1069 619 Ἀνδοκίδου
1094 550 1239 638 όσεβείας.

142 640 227 725 Πρός
245 639 317 717 sede
336 639 553 721 συυουσιαστός
573 646 769 726 κακολογιῶν.
801 636 874 703 Κατ’
893 637 1082 721 Ἀλκιβιάδου
1106 640 1242 704 λειποτα-

141 723 412 810 ξίου,όστρατείας.
435 724 520 789 Karai
542 729 678 800 Φίλωνος
700 728 884 806 δοκιμασίας.
908 723 991 806 Πρδς
1006 726 1157 805 Alexione
1177 724 1241 807 γρί-

142 834 203 885 ους.
222 809 313 894 Ὑπὲρ
332 815 443 888 Δεξιοδ
453 807 644 875 ἀποστασίου.
668 807 754 872 Ksed
766 810 986 892 Στρατοκλέους
1000 806 1131 890 ἔξοόλης.
1154 806 1244 872 ilerd

27 946 31 951 .
144 890 327 978 Θεοπόμπου
341 899 448 971 αίκίας.
469 890 543 958 Κιπ’
555 890 736 978 Αδτόνδρου
750 897 856 970 ξενίας.
883 893 977 980 ’Υπὲρ
990 890 1169 977 Ἀχιλλείδου
1184 888 1242 973 φό·

140 1004 207 1044 νου.
230 980 317 1044 Karai
329 983 461 1044 Καλλίου
474 976 599 1061 όβρευς.
615 990 671 1039 etc.
686 990 742 1040 etc.
853 1030 856 1035 .
1060 1048 1063 1053 ¹

225 1066 338 1127 Eodem
350 1076 439 1146 pacto
448 1064 602 1124 Aeschinis
615 1065 710 1125 oratio
721 1059 878 1148 Ἀπολογία
892 1066 943 1125 ael
955 1069 1009 1146 τῆς
1025 1065 1248 1148 παραπρεσβεί·

48 1177 51 1181 ·
142 1174 179 1225 ας
196 1143 356 1232 Ἀπολογία
367 1151 516 1211 nominari
530 1159 561 1209 et
579 1150 666 1209 citari
686 1150 787 1226 debet,
811 1172 897 1231 quem
917 1161 1018 1209 tamen
1039 1161 1174 1210 tenorem
1194 1149 1242 1208 ci-

141 1235 229 1295 tandi
246 1254 309 1294 non
326 1245 463 1295 accurate
485 1244 606 1295 servant
624 1244 677 1294 eut
697 1236 814 1315 antiqui
825 1247 878 1296 aut
892 1235 1045 1296 neoterici.
1067 1236 1242 1315 Harpocra-

142 1321 187 1379 tie
196 1320 319 1399 quidem
331 1319 366 1378 in
376 1340 408 1379 v.
422 1313 530 1402 Ἀργᾶς
547 1340 612 1379 eam
624 1330 715 1380 vocet
729 1319 799 1401 περί
810 1325 866 1403 τῆς
879 1314 1066 1395 όποδόσεας,
1089 1318 1247 1400 quoniam,

141 1403 234 1463 nteit
247 1405 437 1479 blaussaeus,
458 1405 491 1464 in
514 1425 547 1463 ea
565 1405 714 1466 rationem
732 1405 840 1465 reddat
855 1405 1016 1465 Aeschines
1036 1405 1196 1464 defunctae
1211 1412 1244 1464 et

142 1498 280 1570 peractae
292 1490 456 1567 legationis.
486 1490 584 1567 Vulgo
603 1490 706 1566 etiam,
726 1489 811 1548 addit
831 1490 912 1549 idem
933 1490 983 1549 vir
1006 1490 1151 1566 eximius,
1171 1487 1243 1569 srael

142 1576 383 1654 παραπρεσβείας
395 1573 580 1651 inscribitur,
596 1575 649 1633 sed
664 1576 763 1634 sasinus
778 1576 911 1655 proprie.
933 1575 978 1633 Ita
992 1576 1122 1654 quidem,
1138 1575 1200 1649 sed,
1214 1572 1244 1632 si

142 1660 400 1739 παραπρεσβείας,
421 1680 484 1719 nen
496 1660 608 1739 ntique.
620 1661 674 1719 .Cl.
687 1659 799 1719 interea
815 1660 879 1736 vir,
894 1660 931 1718 H.
947 1660 1095 1735 Valesius,
1117 1678 1172 1739 pre
1186 1660 1249 1736 τῆς·

144 1735 318 1816 ἀποδόσεως
332 1747 386 1823 τῆς
401 1738 564 1828 α’πολογίας
581 1745 735 1803 substituit
752 1745 885 1803 intentu
902 1744 1156 1824 llarpoerationis,
1179 1762 1242 1821 quo

143 1827 234 1886 mede
252 1849 284 1887 ea
305 1829 400 1887 oratio
420 1830 505 1887 iuxta
527 1830 654 1889 eundem
669 1830 770 1888 sirum
786 1829 1018 1888 eruditissimum
1031 1828 1244 1888 laudaturali-

145 1911 215 1970 cubi
240 1913 277 1970 sb
298 1913 358 1972 isto
383 1922 503 1973 auctore
525 1923 556 1972 et
578 1936 595 1971 a
617 1922 849 1974 commentatore
868 1914 1072 1993 Hermogenis.
1092 1914 1243 1989 Attunen,

144 1996 186 2055 mi
197 1995 299 2071 herne,
313 1998 346 2057 id
361 2019 527 2076 nunquam:
542 1997 600 2057 hee
611 2000 777 2079 praestabo.
1246 2004 1252 2023 ¹

159 2122 166 2137 .
229 2079 339 2140 Habita
361 2092 406 2141 est
424 2082 497 2142 haee
517 2104 604 2141 (nausa
622 2086 743 2164 Olymp.
760 2083 834 2144 clx,
848 2089 879 2149 2.
898 2081 978 2164 (vid.
1000 2083 1122 2162 Dionys.
1143 2080 1243 2149 Helie.
1271 2100 1282 2112 ‘

144 2165 184 2226 ad
196 2165 371 2226 Aminaeum
381 2164 412 2247 β.
429 2173 478 2232 10.
492 2169 615 2227 hleursii
630 2170 770 2227 Solonem
791 2189 854 2248 cap.
872 2176 996 2227 ennena.
1014 2168 1127 2227 Schett.
1139 2168 1172 2226 in
1186 2166 1251 2233 vlt.·

121 2268 125 2279 ·
143 2251 296 2310 Demosth.
316 2253 356 2310 ad
375 2272 441 2311 euin
458 2250 597 2333 annsnn)
615 2254 744 2312 triennio
765 2263 835 2333 pest
852 2253 1029 2331 legationem
1045 2254 1164 2311 obitam.
1188 2252 1253 2311 ln-'

143 2338 301 2396 teriectutn
313 2356 377 2397 esse
388 2338 537 2416 quoddam
545 2340 688 2419 temperis
701 2338 892 2398 intervallum
902 2338 983 2396 inter
994 2338 1106 2396 crimen
1119 2347 1149 2397 et
1165 2334 1249 2395 cen-2

143 2422 394 2480 tentionem-non
412 2442 472 2480 uno
485 2422 516 2480 in
530 2423 599 2481 lece
616 2425 795 2482 lamentatur
805 2422 1028 2482 Demosthenes.
1042 2418 1153 2504 χρόνον
1164 2444 1246 2504 γεγε-

143 2511 261 2585 νῆσθαι
276 2501 347 2582 μεταλ
362 2502 421 2584 τήν
432 2509 595 2589 πρεσβείαν
608 2505 706 2570 πολιόν
719 2528 785 2587 pag.
801 2512 873 2585 342,
890 2511 919 2571 9.
939 2508 1037 2566 statim
1052 2528 1157 2566 exorsa
1171 2528 1246 2565 era-
1293 2564 1300 2573 „

143 2590 235 2649 tiene.
262 2590 303 2648 Et
323 2590 461 2651 similiter
481 2592 562 2650 infra
585 2612 651 2671 pag.
664 2598 736 2658 428.
765 2593 804 2650 Et
821 2590 941 2670 quidem
960 2592 1125 2651 biennium
1142 2591 1244 2671 fuisse,
1299 2666 1302 2671 Ι

144 2674 192 2733 uti
205 2673 295 2733 mede
307 2673 452 2753 diximus,
473 2685 599 2734 testatur
612 2676 701 2734 etiarn
716 2677 863 2756 Ulpianus
877 2676 910 2735 in
924 2677 1115 2752 Argumente.
1190 2686 1194 2693 “
1249 2680 1252 2685 '

230 2756 333 2819 Oratio
355 2759 456 2819 habita
477 2781 540 2820 nen
554 2762 674 2842 Olymp.
692 2763 768 2845 clx,
782 2754 826 2836 ᾖ,
847 2760 898 2819 sed
913 2762 1010 2820 GVlll.
1027 2766 1072 2838 4.,
1095 2762 1244 2843 siquidem

144 2842 342 2904 Phocensium
362 2845 461 2904 clades
480 2845 513 2904 in
534 2865 646 2904 oinium
664 2851 691 2910 1.
714 2846 835 2926 Olymp.
851 2846 950 2904 CVlll.
964 2845 1129 2922 inciderat,
1153 2856 1245 2926 atque

143 2927 357 2988 Demosthenes
382 2929 567 3003 observavit,
598 2929 718 2989 theores
744 2932 781 2988 ab
801 2930 1031 2990 Atheniensibus
1052 2932 1244 2991 miseratione

65 3033 68 3039 ’
130 3012 292 3093 'percasssis
308 3015 347 3072 ad
359 3015 470 3094 Pythia
481 3014 588 3073 missos
601 3035 663 3075 nen
677 3016 779 3092 luisse,
796 3015 928 3094 adeoque
947 3015 1147 3091 demonstrat,
1170 3036 1245 3075 era-

144 3098 258 3157 tionem
273 3098 476 3178 iudiciumque
491 3099 529 3157 de
540 3101 613 3161 falsa
624 3100 771 3178 legatione
783 3100 907 3159 ineunte
918 3102 1023 3166 saltem
1040 3122 1117 3159 ansae
1135 3104 1165 3166 4.
1180 3100 1245 3162 eius

145 3182 267 3262 Olymp.
284 3183 455 3243 institutum
477 3183 575 3243 luisse.
605 3184 719 3245 Gessin
741 3187 824 3245 Tem.
840 3185 889 3243 Ill.
911 3186 990 3244 Fest.
1004 3184 1066 3245 Au.
1087 3205 1154 3271 pag·
1171 3191 1256 3252 101:

145 3267 369 3327 liutthisisno
387 3278 552 3345 argument.
1076 3285 1081 3294 ·
1194 3282 1197 3287 '

230 3351 305 3411 Cum
327 3351 407 3426 dixi,
427 3352 561 3412 habitam
579 3374 641 3413 esse
657 3355 736 3414 hanc
756 3356 936 3430 orationem,
956 3376 1019 3415 nen
1041 3376 1112 3414 sano
1128 3357 1244 3417 nescivi

145 3444 199 3495 aut
212 3436 416 3511 oblitussum,
441 3438 533 3496 luisse
553 3441 636 3519 apud
655 3433 810 3520 antiquos,
833 3441 938 3519 quiid
958 3451 1011 3500 aut
1032 3452 1174 3519 negarent
1190 3452 1245 3501 aut

146 3521 458 3597 addubitarentcertc.
478 3521 516 3583 ‘O
532 3521 565 3586 δὲ
578 3518 640 3585 κατ’
652 3526 799 3604 Αἰσχίνου
815 3530 870 3604 τῆς
880 3528 1128 3607 παραπρεσβείας,
1142 3527 1245 3606 inquit

146 3604 325 3664 Plutarchus
344 3606 377 3664 in
392 3606 456 3664 vita
468 3608 684 3686 Demosthenis,
698 3607 821 3688 δι’δηλον,
836 3611 864 3671 εί
873 3608 1012 3672 λέλεκται.
1034 3613 1133 3673 καίτοι
1146 3609 1244 3692 φησίν

144 3683 306 3769 Ἰδομενεδς
330 3687 413 3770 need
430 3686 592 3774 τριόκουτα
612 3687 705 3773 μόνας
726 3691 949 3777 τόνἈίσχίνιγν
971 3689 1151 3778 ιίποφυγεῖν.
1182 3689 1246 3759 a'tt'

94 3834 97 3839 ⁴
146 3768 203 3837 οόκ
223 3773 318 3836 ἔοικεν
338 3771 435 3849 οὕτως
463 3777 540 3856 ίχειν
564 3771 713 3856 τάληθὲς,
739 3780 767 3840 εἰ
783 3781 833 3841 δεῖ
851 3784 914 3851 τοῖς
939 3779 1009 3860 περί
1031 3775 1183 3859 στεφόνου
1197 3804 1243 3862 γε-

145 3856 327 3942 γραμμένοις
340 3859 486 3942 ἑκατέρων
499 3855 596 3946 λόγοις
605 3863 826 3943 τεκμαίρεσθαι.
854 3862 998 3943 μέμνηται
1015 3862 1072 3947 γιλρ
1090 3859 1245 3945 οὐδέτερος

147 3938 249 4005 adreio
273 3943 404 4026 ἐναργεῖς
424 3940 496 4007 odet
513 3950 630 4027 τρανῶς
655 3946 772 4010 ἐκείνου
795 3950 852 4010 τοῦ
873 3942 990 4030 ιίγῶνος
1009 3947 1050 4025 οίς
1071 3947 1138 4031 ἄχρι
1158 3951 1256 4035 δίκης

147 4022 359 4107 παρελθόντος.
388 4029 473 4090 ταυτλ
488 4029 543 4108 μὲν
559 4023 615 4092 edv
632 4030 726 4113 δτεροι
741 4034 931 4115 διακρινοῦσι
946 4039 1068 4115 μᾶλλον.
1089 4035 1124 4092 ln
1141 4035 1256 4096 eadem¹

33 4158 35 4163 ,
147 4112 335 4175 dubitatione.
346 4134 408 4172 esse
423 4114 510 4172 video
529 4134 612 4191 eum,
632 4118 684 4194 qui
699 4118 820 4199 scripsit
838 4117 1053 4197 Argumentum
1064 4118 1245 4178 defensionis

148 4196 335 4256 Aeschineae.
361 4198 506 4257 Munerat
526 4199 578 4257 ille
601 4201 664 4263 scil
688 4204 827 4264 amultis
848 4204 945 4278 credi,
980 4203 1104 4283 scriptas
1125 4204 1257 4282 quidem·

149 4280 303 4353 fuissehas
316 4283 482 4361 orationes,
505 4295 687 4349 nontamen
707 4289 740 4351 in
761 4290 844 4352 ouria
857 4308 921 4349 esse
934 4297 1031 4350 aetas:
1054 4289 1092 4349 ab
1106 4289 1190 4367 aliis,
1213 4298 1244 4349 ct
