2774 4740
357 1144 359 1149 Ι
452 1037 483 1113 ι.
534 1031 915 1113 ιιιιοιιι

654 1247 717 1286 ΔΙ)

186 1392 617 1481 oestron-nn
672 1366 1188 1479 nunosrnnnis

524 1591 588 1644 DE
626 1592 847 1647 CORONA

361 1712 1008 1812 rnissnrso

593 1917 800 1936 m

139 2033 233 2144 Non
251 2085 347 2144 multa
369 2092 454 2158 sunt,
489 2104 564 2160 quae
580 2093 696 2143 restant
715 2084 788 2144 huic
809 2087 953 2146 orationi
959 2088 1136 2167 praefanda,
1160 2109 1236 2168 quo-

140 2172 223 2230 niam
244 2170 281 2226 de
300 2169 426 2228 historia
448 2167 533 2227 istius
556 2170 784 2229 coritroversiae
801 2172 871 2230 satis
884 2172 1050 2232 liberaliter
1065 2193 1109 2249 egr
1101 2173 1185 2232 ad
1176 2174 1237 2232 mi-

142 2256 221 2313 tium
232 2253 342 2331 hurum
358 2253 585 2313 annotationum
599 2258 636 2327 *).
689 2255 778 2312 Plene
793 2254 836 2311 ibi
853 2257 934 2315 inter
950 2269 1065 2314 caetera
1078 2278 1190 2333 egimus
1202 2258 1239 2315 de
1354 2299 1360 2307 ι

142 2349 291 2416 tempore,
316 2349 372 2415 quo
391 2340 538 2395 instituta
559 2337 653 2417 suerit
667 2336 742 2393 haec
763 2358 865 2410 causa,
888 2360 947 2414 quo
963 2350 1063 2397 nutem
1077 2351 1157 2397 (acta.
1199 2341 1239 2397 Iis

143 2443 212 2480 cum
230 2420 307 2479 nihil
323 2420 448 2479 habeam
471 2421 553 2498 quod
567 2419 638 2477 addi
658 2419 768 2493 velim,
798 2419 875 2477 nihil
890 2422 971 2498 quod
987 2422 1130 2497 resecari,
1157 2422 1241 2480 istud

143 2505 315 2601 diligentiae
336 2526 419 2564 meae
449 2505 622 2582 exemplum
650 2503 772 2562 lectoris
801 2504 1025 2565 benevolentiae
1054 2507 1239 2583 commendo,

144 2590 301 2649 committo
321 2599 350 2647 et
361 2590 509 2666 relinquo.

228 2675 339 2732 Utrum
361 2673 436 2732 haec
454 2671 662 2731 Demosthenis
685 2633 817 2732 delensis
835 2669 912 2754 dasle
935 2678 1167 2754 Κτησιφῶντος,
1201 2697 1241 2735 en

144 2752 396 2840 περὶσιεφιὲνου,
428 2777 467 2815 an
481 2769 646 2835 utrumque
666 2767 747 2816 recte
768 2757 895 2817 inscribi
914 2758 1019 2817 debeat
1026 2760 1166 2837 ,ambigi
1189 2761 1240 2820 vi-

146 2845 211 2903 deo.
268 2842 463 2901 Anonnullis
480 2842 579 2917 enim,
601 2841 664 2902 scil
679 2842 823 2920 Dionysio
841 2842 938 2900 llalic.
951 2843 1096 2922 Ulpiano,
1120 2845 1241 2924 Harpo-
1273 2902 1274 2909 ,

130 2928 294 3003 eratione,
322 2922 433 3001 Suida,
462 2935 517 2984 etc.
539 2887 678 2984 oiisnibus
700 2925 829 2984 ferehis
854 2912 951 3005 modis
972 2929 1082 2986 citatm·
1105 2939 1149 2986 et
1155 2930 1242 2988 citari

146 3021 254 3092 potest.
297 3010 416 3069 Titulus
427 3020 525 3068 tamen
539 3031 596 3089 pro
623 3009 814 3089 Ctesiphonte
838 3011 979 3069 usitatior
1000 3021 1045 3070 est
1066 3022 1096 3070 et
1120 3034 1242 3071 socom

147 3096 297 3154 modestior
310 3096 389 3170 lere,
411 3115 470 3173 quo
485 3105 574 3174 paeto
594 3095 719 3153 laudant
735 3094 849 3171 Cicero,
872 3094 1095 3174 Quintilianus,
1126 3097 1242 3156 Plinius

147 3178 201 3239 alii
222 3200 267 3238 ue.

202 3201 220 3258 q
232 3264 328 3323 Multa
341 3263 432 3322 habet
443 3263 572 3343 optimus
586 3263 639 3321 ille
655 3265 802 3342 scriptor,
824 3262 986 3340 Dionysius
997 3262 1242 3323 Halicarnassen-

146 3350 199 3425 sis,
221 3369 296 3426 quae
315 3350 412 3407 lector
429 3350 547 3407 utiliter
565 3349 700 3406 constaret
719 3348 752 3405 in
769 3347 825 3405 hae
841 3347 974 3405 oratione
990 3349 1122 3425 legendn
1160 3350 1243 3410 Mul·

148 3444 197 3493 tus
213 3435 318 3512 utique
334 3442 379 3490 est
390 3432 442 3491 ille
460 3433 493 3491 in
505 3433 643 3511 epistola,
674 3439 753 3510 'quae
766 3432 805 3490 ad
821 3430 995 3490 Aminaeum
1009 3433 1166 3510 scribitur,
1207 3444 1245 3493 ut

148 3520 264 3597 probet,
286 3516 514 3577 Demosthenem
527 3539 589 3575 non
603 3517 640 3573 ab
657 3517 825 3591 Aristotele,
848 3537 955 3575 verum
968 3517 1098 3575 vicissim
1111 3517 1243 3577 huncnb
1286 3576 1291 3585 ,

149 3603 203 3660 illo
225 3611 384 3681 praccepta
407 3612 438 3661 et
456 3601 585 3660 artificia
599 3601 747 3661 rhetorica
764 3611 869 3660 mutuo
893 3602 1040 3660 sumsisse.
1082 3603 1160 3662 Vide
1185 3625 1244 3682 po-

148 3688 296 3745 tissimum
308 3688 400 3745 istum
413 3687 609 3745 tractatulum
631 3696 806 3761 exeuntem,
843 3686 895 3744 ubi
915 3687 1054 3766 legitima
1075 3689 1161 3765 qnasi
1185 3708 1245 3746 no-

148 3772 335 3830 menclatura
349 3770 605 3850 appellaturhaec
619 3773 732 3846 oratio,
762 3769 785 3851 ἡ
805 3767 881 3850 node
895 3772 1046 3850 Αἰσχίνην
1068 3769 1146 3851 ὑπὲρ
1166 3776 1244 3851 Κτη-

149 3862 312 3932 σιφῶντοςι
346 3865 375 3911 et
387 3857 556 3925 ostenditur
571 3855 676 3931 etiam,
700 3876 765 3914 eam
786 3855 822 3912 ab
837 3855 997 3915 Aristotele
1018 3856 1051 3914 in
1072 3857 1246 3915 Rhetoricis

148 3940 276 3999 laudari
320 3941 405 4014 Quae
420 3962 489 4001 curn
502 3942 609 4000 ultima
629 3942 690 4000 lere
718 3940 810 4001 luerit
832 3959 870 3998 ex
886 3939 1137 4016 Demosthenicis,
1171 3942 1244 4025 satis

184 4224 207 4289 ⁸)
224 4227 355 4350 hosemont
376 4224 417 4280 sd
438 4200 599 4299 principiam
628 4238 695 4281 orat.
720 4225 872 4280 henchin
898 4224 1015 4294 ctesiph.
1043 4224 1098 4277 vid.
1122 4223 1245 4280 leschin.

218 4312 245 4363 P·
338 4315 398 4366 ⁸‘t‘h

192 4405 295 4457 Annos.
310 4405 350 4457 ad
361 4408 503 4464 Demoash.
520 4411 550 4460 Τ.
567 4409 620 4459 11.-
994 4396 1024 4458 Α
1112 4408 1116 4415 “
