2774 4740
188 218 255 301 sss
452 236 459 275 ·.
551 223 925 308 annorsrronrs

155 426 159 433 ·
186 396 317 460 diderint
330 383 409 472 sana,
430 405 496 456 turn
508 393 552 455 ob·
562 393 744 475 imperitiam
756 403 893 457 veterum
909 395 943 455 in
955 394 1047 458 'rebus
1063 395 1289 475 chronologicis

187 482 454 561 astronomicisque
481 480 615 561 adaequa
637 482 822 559 frequentem
843 481 1045 543 intercalandi
1068 482 1302 557 necessitatem,

185 577 252 629 tnm
272 586 345 628 vere
363 575 490 648 propter
514 558 591 640 hoo,
619 566 702 643 qnod
718 585 781 625 non
801 586 920 627 necessa
941 576 1003 644 est,
1029 577 1065 626 ut
1089 577 1288 648 supputemus

186 643 329 732 utresque
350 669 482 726 menses,
498 649 726 710 Atheniensium
739 651 1010 732 Macedonumque,
1033 652 1164 733 pariter,
1186 651 1287 727 id-est,

186 737 291 801 aedem
304 736 367 811 die,
388 735 521 814 incipere
534 744 564 794 et
574 735 688 815 pariter
704 729 806 811 finire,
829 734 941 817 (immo
963 736 1136 815 contingere
1148 736 1288 797 videmus

185 822 218 882 in
231 820 412 881 Kalendario
427 821 562 879 Romano
576 819 752 899 Atticoque,
779 830 816 880 ut
839 820 929 881 unius
952 823 1049 901 gentis
1071 842 1187 881 menses
1200 822 1287 881 ordi-

185 914 308 982 rentur,
322 901 493 985 μοσουννυν
507 908 568 965 τῶν
579 906 635 983 τῆς
649 901 779 985 impetn)
796 903 843 964 his
857 905 963 980 tebras,
979 907 1117 985 inquam,
1138 907 1285 984 adducor,
1356 904 1360 911 ’

184 1001 222 1051 ut
235 991 402 1064 crederem,
424 1009 487 1047 non
509 1007 573 1049 esse
585 1002 675 1068 opus,
696 999 733 1048 ut
753 989 786 1049 in
803 998 922 1050 textmn
937 990 1144 1051 Demosthenis
1165 990 1285 1069 gravius

184 1075 308 1154 aliquod
321 1084 497 1135 statuamus.
519 1074 587 1132 Uno
602 1093 712 1149 menae,
728 1073 779 1133 vel
792 1074 906 1151 Attico,
926 1075 977 1136 vel
990 1075 1195 1143 Macedonico,
1209 1097 1284 1156 pro-

183 1170 269 1221 trueo
286 1169 315 1218 et
325 1168 465 1239 promoto
481 1157 520 1217 ob
531 1157 749 1217 annuntiarem
759 1158 912 1219 calculum
923 1160 1187 1237 introducendum,
1193 1161 1284 1236 Lous,

166 1246 239 1327 >qui
258 1243 348 1314 modo
370 1242 623 1302 Hecatombaeoni
642 1243 729 1301 iuxta
750 1243 945 1304 Plutarchum
965 1244 1193 1322 obvertebamr,
1222 1244 1284 1303 ianr

183 1330 299 1410 aliquot
322 1328 453 1387 dieculas
475 1347 544 1386 cum
568 1325 784 1387 Boddromione
804 1326 926 1389 haberet
948 1331 1189 1391 communicatas.
1227 1329 1288 1411 Ille

182 1413 248 1494 ipsa
260 1412 457 1487 Plutarchus,
481 1411 533 1491 qui
551 1412 584 1470 in
599 1412 669 1472 Vita
683 1410 801 1472 Camilli
815 1414 999 1474 Boeotorum
1011 1416 1173 1475 Panaenum
1185 1410 1282 1473 hletass

182 1497 310 1576 gitnioni
320 1498 492 1557 Atticorum
505 1495 673 1574 adglutinat
685 1517 752 1576 pag.
762 1501 834 1564 305.
848 1499 919 1558 edit.
929 1498 1041 1579 Bryan.
1053 1501 1138 1561 Tem.
1153 1499 1185 1576 1,
1202 1498 1281 1558 idom

181 1602 286 1642 rursus
300 1582 333 1641 in
347 1582 479 1641 Aristide
494 1600 561 1661 pag.
576 1584 648 1646 815.
666 1576 749 1640 Tem.
767 1582 805 1642 H.
836 1575 1049 1644 Bobdromioni
1067 1584 1155 1644 istius
1175 1584 1284 1664 populi
1306 1617 1312 1629 =

110 1734 114 1755 1
180 1668 363 1769 respondere
378 1668 427 1726 ait
450 1666 549 1725 Verba
566 1665 630 1724 eiua
643 1675 806 1743 merentur,
822 1678 855 1727 ut
868 1667 920 1730 hic
935 1690 1013 1729 nme
1027 1670 1282 1729 describerentur:

82 1778 85 1783 ·
164 1770 294 1832 ,ταυτην
304 1748 362 1831 τήν
377 1743 475 1832 μάχην
487 1750 665 1830 (Plataicam
682 1748 801 1832 nempe)
822 1747 1010 1833 inextinctum
1029 1759 1067 1839 τῇ
1088 1749 1207 1835 τετράδι
1227 1756 1284 1816 τοῦ

180 1839 414 1939 Βοηδρομιῶνος
439 1835 598 1915 ἱσταμένου
618 1828 681 1896 κατ’
698 1829 898 1915 Ἀθηναίους,
917 1835 994 1900 sard
1015 1837 1049 1900 dd
1070 1834 1222 1912 Bomeodq
1237 1852 1283 1901 te·

180 1923 268 2003 eqoda
287 1925 344 1983 ami
358 1919 501 1999 Πανέμου
517 1921 702 1998 petronae:
728 1922 857 1980 maxime
878 1931 978 1981 autem
987 1933 1113 2002 propter
1125 1923 1174 1998 id,
1199 1923 1283 2002 quod
1341 1980 1345 1995 ,

50 2054 56 2063 ,
179 2006 331 2085 sequitur:
355 2000 413 2084 τήν
425 2000 458 2066 δὲ
469 2009 529 2066 τῶν
539 2002 663 2085 ἡμεροῦν
676 1999 852 2086 oinopotlos
864 2000 904 2068 ον’
916 2006 1120 2088 θαυμαστέον,
1136 2004 1214 2070 ὅπου
1229 2006 1282 2069 sal
1332 2050 1336 2063 ·

76 2130 79 2141 ·
179 2095 249 2167 νῦν,
263 2088 510 2171 διηκριβωμένων
521 2093 583 2151 τῶν
598 2089 631 2171 ἐν
647 2083 826 2176 despoloque
841 2095 964 2172 μᾶλλον,
982 2089 1078 2172 ἄλλην
1091 2089 1178 2155 dllos
1188 2088 1282 2172 μηνός

178 2167 276 2256 ἆρχήν
296 2174 348 2237 καὶ
364 2169 505 2254 τελευτήν
525 2169 660 2255 ἄγουσιν.
688 2175 856 2253 Antequam
874 2196 969 2235 meam
988 2177 1154 2239 orationem
1167 2176 1281 2252 finiam,

177 2260 238 2319 tria
259 2270 349 2335 sunt,
371 2279 447 2338 quae
466 2259 611 2318 lectorem
632 2258 821 2319 admonitum
846 2280 910 2320 esse
929 2262 1030 2322 velim.
1064 2261 1198 2322 Primum
1224 2261 1280 2320 sit:
1304 2324 1307 2329 ,

178 2345 255 2405 Cum
278 2345 470 2405 celeberrimo
496 2343 633 2402 Corsinio
658 2343 769 2420 miror,
805 2345 1078 2426 perspicacissimos
1097 2346 1165 2404 illos
1183 2345 1278 2419 viros,

177 2450 254 2511 quos
269 2430 359 2489 modo
373 2429 549 2503 memoravi,
563 2427 702 2488 arbitrari
714 2429 864 2508 potuisse,
881 2431 1038 2509 epistolam
1051 2428 1129 2487 hanc
1146 2427 1279 2509 Philippi

58 2504 61 2509 ¹
176 2515 340 2594 quidquam
355 2534 425 2572 cum
436 2512 517 2572 bello
534 2512 681 2571 Phocensi
697 2513 760 2572 aive
773 2536 858 2573 sacro
876 2512 986 2572 habere
1000 2532 1175 2599 commune,
1197 2513 1280 2591 quod

175 2608 246 2657 octo
267 2600 305 2657 ad
321 2598 479 2656 minimum
491 2607 560 2655 anta
580 2618 675 2657 annos
691 2598 862 2657 conlectum
875 2606 939 2656 erat
955 2607 985 2655 et
1000 2598 1186 2674 conclusum.
1216 2599 1278 2656 lle-

174 2681 260 2743 inde:
290 2683 366 2740 Cum
394 2681 546 2741 Cossinius
570 2681 687 2742 duabus
715 2692 821 2742 contra
837 2681 1087 2742 Bobdrornionem
1110 2682 1278 2742 rationibus

124 2787 126 2791 ’
174 2776 306 2848 pugnet,
325 2776 392 2826 tum
412 2765 493 2846 quod
512 2777 654 2846 computo
677 2764 869 2827 Macedonico
889 2765 1083 2845 adversetur,
1106 2777 1174 2827 tum
1196 2767 1278 2846 qnod

175 2852 256 2911 ultra
278 2870 410 2911 mensam
432 2851 675 2929 hletngitnionem
695 2848 824 2931 produci
843 2872 906 2911 non
927 2853 1030 2932 potuit
1048 2861 1101 2913 aut
1125 2853 1231 2912 debuit
1239 2873 1298 2911 ea·

148 2943 159 2969 ⁸
174 2937 301 3017 epistola
305 2930 319 3013 ,
330 2938 454 3015 ideoque
476 2934 693 3010 arbitrabatur,
708 2955 773 2994 eam
787 2934 961 3017 Philippum
975 2937 1165 3017 consignasse
1178 2956 1279 2996 mense

24 3028 30 3041 ⁸
82 3038 85 3044 ’
172 3019 446 3096 Hecatombaeone,
469 3041 523 3099 ego
543 3031 642 3079 autem
658 3021 916 3080 Hecatombaeona
936 3023 1055 3081 exarari
1071 3044 1133 3082 non
1146 3021 1278 3101 potuisse

174 3105 389 3181 demonstravi,
406 3124 514 3165 remen
528 3113 598 3163 anta
619 3120 688 3163 eum
699 3124 842 3181 mensem,
855 3104 1125 3186 Scirrhophorione
1136 3108 1277 3186 putassis,
1313 3163 1316 3168 .

173 3188 379 3270 Thargelione,
393 3187 606 3269 Munychiona,
622 3199 675 3263 aut¹
691 3191 812 3250 demum
829 3190 1081 3272 Elaphebolione,
1107 3212 1176 3250 curn
1192 3189 1276 3264 haec,

173 3274 314 3354 inquam,
336 3277 379 3333 ita
399 3295 430 3334 ae
451 3273 595 3350 habeant,
617 3294 682 3333 non
701 3285 804 3335 tamen
816 3276 931 3337 interea
950 3297 1041 3354 nego,
1063 3274 1195 3354 potuisse
1209 3274 1278 3332 dari

173 3378 279 3418 mense·
294 3360 412 3438 quidem
425 3359 698 3436 Hecatombaeone,
711 3382 934 3432 vermnmansa
951 3358 1207 3425 Hecatombaeone
1219 3380 1278 3417 an·

172 3443 207 3504 ni
220 3445 340 3524 Olymp.
355 3443 417 3504 CX
433 3451 481 3519 2.,
497 3465 559 3504 non
576 3444 681 3521 iatius,
706 3465 766 3523 quo
782 3466 830 3505 res
844 3446 884 3503 ad
899 3444 1099 3511 Chaeroneam
1112 3443 1278 3503 infeliciter

63 3552 66 3556 ·
173 3538 386 3608 erantgeatae.
410 3531 471 3607 Ego
485 3530 565 3588 enim
576 3529 695 3607 negotio
710 3530 762 3588 isti
779 3527 1032 3608 Amphictyonico
1050 3527 1151 3608 (idque
1164 3548 1276 3588 monu-

173 3624 344 3673 mentorum
358 3615 418 3674 fide
434 3609 617 3693 certissima)
643 3613 775 3692 spatium
798 3632 911 3688 annum
930 3611 1013 3670 ultra
1028 3613 1162 3691 assigno,
1186 3633 1277 3693 quarn

173 3700 368 3777 assignaverit
391 3699 552 3758 Corsinius.
587 3696 623 3760 Α,
642 3718 701 3776 quo
728 3707 830 3756 tamen
852 3716 969 3775 semper
998 3697 1113 3758 invitus
1143 3697 1275 3773 discedo,

173 3785 258 3863 quod
268 3783 400 3843 bominis
415 3783 504 3863 iatius
520 3783 667 3858 insignem
685 3780 875 3856 modestiam,
894 3780 1110 3842 humanitatem
1127 3793 1275 3844 caeteras-

174 3887 233 3948 que
253 3869 380 3929 virtutas
402 3868 491 3927 valde
515 3887 582 3925 sum
599 3864 783 3941 admiratus,
804 3874 872 3924 tum
888 3868 970 3946 quod
993 3868 1040 3927 illi
1058 3868 1210 3929 solertiam
1222 3869 1276 3928 in-

174 3954 348 4013 credibilem
364 3963 452 4030 atque
467 3951 500 4008 in
515 3948 562 4009 his
576 3949 665 4008 rebus
679 3950 819 4029 peritiam
838 3951 926 4030 longe
945 3972 1036 4033 supra
1051 3973 1147 4013 meam
1163 3963 1276 4014 sortem

173 4040 358 4116 modumque
378 4036 536 4115 contigisse
554 4035 681 4094 videam.
709 4035 843 4115 Denique
869 4035 1018 4119 (namque
1046 4048 1111 4098 erat
1137 4039 1274 4115 tertium,

174 4125 257 4202 quod
273 4121 463 4201 observatum
474 4117 590 4201 volui):
616 4121 742 4181 Constat
755 4131 855 4181 totum
869 4121 954 4181 hunc
969 4133 1145 4202 computum
1159 4145 1177 4182 a
1186 4125 1275 4183 nobis

123 4216 129 4226 '
174 4228 236 4267 esse
250 4207 421 4267 institutum
436 4217 523 4288 atque
537 4205 649 4265 initrun
660 4205 747 4266 iuxta
759 4206 1098 4283 aeram·hthenisnsium
1119 4209 1274 4288 antiquam

174 4301 204 4351 ct
216 4290 411 4372 primaevam.
433 4294 508 4352 Nem
526 4290 773 4369 Anthesterione,
788 4292 969 4369 Februario,
990 4291 1195 4373 proficiscitur
1212 4293 1274 4353 he·
1321 4331 1330 4343 ι
