2774 4740
173 192 238 269 ees
393 182 411 273 f
451 221 486 227 ·-
526 136 913 261 ‘annotationes'
994 186 997 193 ·

260 362 292 421 P.
307 355 488 429 414-v.15.
509 351 616 441 adedo]
646 358 736 419 Abest
753 358 798 420 eb'
813 358 937 437 August.
955 356 1056 438 primo
1075 363 1106 414 et
1125 352 1267 433 secundo,
1338 310 1347 321 ο

175 446 296 505 tametsi
309 442 612 522 Fabriciusatfirmac
627 443 660 503 id
672 445 704 502 in
717 444 814 524 primo
830 463 902 519 esse,
916 443 965 501 cui
979 450 1014 500 ta
1026 441 1123 501 nolito
1139 440 1269 498 credere.

97 538 100 543 '
177 547 275 590 nrtsx.
301 525 468 589 Bekkorus:
489 523 607 603 „calade
627 529 661 589 Y.
670 531 690 562 “
720 528 809 600 Quod
830 527 856 586 si'
875 527 940 605 quis
961 533 1118 606 praeoptet
1127 523 1272 601 malitque

178 614 266 672 etiam
282 606 566 699 μεγαλοψυχότερον,
588 620 656 671 dum
669 612 747 670 illud
759 611 908 691 pertineat
920 611 959 670 ad
971 615 1135 689 περιεῖναι,
1155 607 1215 665 hoc
1230 604 1272 663 ad

178 700 353 774 φαίνεσθαι,
368 694 512 773 amboque
525 694 665 756 infinitivi
679 703 819 773 regantur
833 695 869 752 ab
888 693 1080 775 impersonali
1098 693 1180 770 dciv,
1195 689 1273 748 sciat

177 781 211 839 in
221 780 303 857 gravi
321 798 351 836 se
368 779 609 838 errorerersari:
631 780 700 838 nain
720 779 920 838 nominativus
941 778 995 837 tali
1010 778 1043 835 in
1055 784 1206 835 structura
1222 770 1272 832 le-

178 858 303 943 gitimus
318 871 378 921 est.¹
397 862 433 921 V.
446 863 611 920 Lobeckius
624 865 739 941 Parerg.
759 872 829 943 post
847 860 1009 940 Phrynich.
1030 882 1059 939 p.
1073 863 1144 924 754.
1157 880 1195 934 s.,
1216 857 1272 916 ubi

179 948 268 1008 etism
282 956 385 1004 noster
393 946 477 1004 locus
495 946 611 1005 citatur.
634 947 694 1023 Qui
716 948 796 1026 quod
819 947 861 1005 ait
881 948 944 1008 δεῖν
959 946 991 1003 in
1005 943 1178 1002 huiusmodi
1193 963 1272 1001 con·-

62 1038 71 1063 ''
180 1031 345 1094 structione
361 1030 547 1104 delitescere,
561 1024 634 1105 hoe,
648 1031 771 1110 opinor,
787 1029 876 1104 dicit,
893 1050 954 1089 esse
968 1048 1060 1106 genus
1074 1026 1272 1101 attractionis,

111 1184 112 1193 ρ
181 1115 277 1195 quod,
300 1124 332 1171 at
345 1122 391 1170 tot
406 1114 462 1172 alia
480 1113 569 1173 huius
588 1114 745 1190 schematis
766 1133 886 1191 genera,
906 1112 1051 1174 rationem
1074 1111 1274 1190 syntecticam

181 1199 322 1261 obscuret
336 1197 468 1275 adeoque
479 1198 575 1261 tollat.
606 1200 662 1261 llas
676 1199 767 1275 vulgo
781 1199 914 1275 neglecta
928 1194 956 1276 *)
974 1196 1089 1255 dudum
1099 1216 1146 1253 me
1161 1195 1274 1253 adver-

63 1282 66 1289 ’
180 1289 259 1342 terat
272 1300 327 1345 nec
341 1300 435 1362 pauca
449 1280 661 1342 eiusdemmodi
675 1282 808 1360 exempla
825 1282 1008 1358 collegeram,
1026 1299 1100 1357 quae
1113 1279 1199 1356 Angli
1212 1299 1274 1358 pu-

181 1365 333 1429 blicarunt
351 1364 383 1421 in
408 1362 558 1423 Thesauro
578 1364 756 1445 Stephanieo
778 1386 803 1423 c.
817 1368 910 1431 3150.
927 1365 965 1425 lt.
991 1365 1058 1424 Alia
1079 1363 1162 1422 dedit
1174 1359 1275 1423 ll'cin-

97 1490 100 1497 -
183 1447 297 1510 dorflus
313 1447 350 1505 ad
366 1447 480 1506 Platon.
493 1449 643 1526 Protagor.
657 1472 688 1531 p.
704 1454 775 1516 488.
797 1468 953 1508 senseras.

267 1549 299 1611 Ρ.
314 1550 384 1617 414-
399 1567 429 1606 v·
443 1549 492 1619 15.
512 1544 805 1633 μεγαλοψυχότερος]
842 1543 909 1610 rivet
930 1553 985 1610 rosi
1008 1546 1275 1630 μεγαλοπρεπέστε-

184 1654 245 1715 ρος.
268 1631 316 1693 sie
332 1652 422 1712 supra
438 1631 470 1693 in
484 1632 581 1713 Satyri
601 1632 700 1690 sabula
720 1654 750 1713 p.
763 1637 834 1706 401,
850 1638 898 1698 18.
920 1629 1021 1712 ἤτινα
1034 1632 1066 1695 ἐν
1079 1627 1161 1717 αὐτῷ
1174 1656 1278 1713 papo.
1340 1704 1347 1720 ·

183 1717 300 1796 νυχίαν
321 1713 491 1794 &stupende
511 1716 573 1796 εἴη,
594 1709 661 1777 nivel
685 1720 743 1777 rosi
765 1715 1005 1797 μικροπρέπειαν.
1051 1717 1137 1774 Unde
1160 1716 1282 1793 Cicero„

186 1792 285 1873 Ntlsit,
299 1799 406 1878 inquit,
422 1811 464 1859 est
476 1801 574 1861 animi
586 1811 651 1861 cam
667 1803 794 1880 magnati
808 1810 928 1881 tamque
935 1802 1044 1881 parvi,
1063 1821 1155 1881 quam
1169 1822 1279 1881 entare

177 1885 351 1965 pecuniam.
372 1901 470 1944 wear.

268 1985 300 2043 P·
313 1988 385 2053 414·
397 2006 427 2048 v.
442 1990 490 2052 16.
513 1985 678 2069 παρέξεται]
689 2010 739 2072 γρ.
754 1981 896 2068 πράξεται
908 2004 1009 2062 margo
1023 1983 1194 2043 Lutetianae
1210 1984 1279 2045 sine

184 2077 315 2129 auctora.
336 2068 456 2150 παρέξει
469 2070 577 2135 Aldina
589 2071 719 2150 Taylori.
740 2066 846 2150 πράξει
859 2071 948 2131 Paris.
960 2070 1075 2149 primus
1095 2079 1123 2127 et
1139 2080 1277 2146 quartus,

131 2210 137 2217 ,
185 2151 311 2229 August.
324 2153 448 2231 primus.
477 2148 603 2255 παράξει
614 2155 704 2215 Paris.
718 2155 877 2234 septimus,
898 2155 1023 2231 Augeat.
1038 2153 1203 2229 secundus,
1223 2154 1279 2211 in-

186 2232 245 2294 dex
257 2237 434 2296 Pntanutti.
454 2240 616 2317 παραξειαι
631 2258 730 2316 margo
742 2239 913 2299 Lutetianaa
932 2237 995 2296 cine
1006 2247 1135 2296 auctore.
1154 2237 1279 2318 παρέξε-

185 2340 234 2380 ται
248 2340 309 2379 uon
322 2321 476 2398 improbo,
498 2321 580 2399 quod
598 2321 707 2380 bonam
728 2321 828 2381 reddit
848 2321 1024 2381 sententiam
1038 2341 1131 2398 neque
1142 2320 1209 2379 loco
1223 2320 1280 2378 in-

187 2422 358 2480 congruam.
374 2409 568 2482 proponetur
582 2404 688 2481 nudie,
696 2407 837 2483 proferet
873 2405 927 2464 Eat
940 2414 1041 2463 tamen
1056 2402 1193 2481 nonnihil
1205 2404 1280 2463 lan-

116 2519 122 2528 ·
186 2487 316 2563 guidam.
353 2487 452 2560 Quare
466 2488 567 2548 malim
578 2485 712 2570 ταράξει,
730 2509 789 2569 quo
807 2488 891 2548 ducit
907 2489 992 2548 etiam
1010 2488 1098 2547 lectio
1111 2489 1281 2550 multorum

185 2570 331 2629 librorum
346 2565 458 2650 πράξει.
478 2574 567 2633 Ilaec
582 2577 681 2652 igitm
703 2571 875 2653 [incondita
888 2582 917 2631 et
929 2572 1074 2650 indigesta
1085 2569 1174 2672 puta]
1198 2584 1280 2631 certo

187 2657 298 2713 certius
313 2655 520 2716 commiscetis.
555 2656 630 2731 Aut,
652 2657 678 2714 si
692 2656 788 2714 malis:
810 2656 902 2717 ιάὕεα
915 2651 954 2735 δή
970 2652 1010 2717 div
1023 2650 1136 2741 ταραξρΙ
1150 2659 1209 2718 νῦν
1225 2649 1280 2718 osl-

89 2781 91 2786 ·
186 2758 238 2810 τος
253 2766 303 2796 -.
327 2735 466 2816 (Perinde
481 2749 542 2813 est,
562 2739 624 2798 sive
637 2742 730 2800 ταῦτα
750 2759 819 2798 cum
831 2734 950 2820 ταράξει
962 2740 1012 2799 vel
1023 2735 1136 2821 ταράξῃ
1151 2739 1182 2798 in
1200 2759 1280 2798 con-

186 2820 352 2879 structione
368 2824 499 2901 copules,
513 2824 575 2881 sive
590 2844 657 2883 cum
672 2821 787 2906 λέγων.)
801 2824 839 2882 Et
851 2824 984 2902 profecto
998 2823 1140 2881 miscebat
1150 2822 1281 2882 Aeschi-

72 2901 76 2908 ’
176 2924 239 2965 ues
253 2913 387 2983 tempora
401 2903 434 2968 τὸ
446 2901 530 2980 edre,
556 2916 591 2965 ut
613 2927 685 2964 mox
701 2904 802 2966 orator
824 2908 866 2965 ait
873 2953 881 2983 ,
902 2901 940 2969 osi
955 2902 1177 2989 προσδιὸρίξανι.
1196 2906 1281 2966 eddi

187 2981 272 3059 siret
289 2984 401 3077 ταράξῃ
423 2989 455 3048 in
479 2990 670 3049 coniunctivo
693 2991 838 3070 praeferri
855 2991 956 3049 malim
973 2991 1057 3066 ideo,
1082 2993 1162 3071 quod
1184 2991 1280 3051 didu-

115 3108 119 3115 «
143 3128 148 3135 ,
188 3072 267 3131 ctior
285 3069 358 3131 ha'eo
381 3073 521 3153 periodus
541 3094 597 3153 per
617 3074 750 3153 ambages
772 3087 862 3134 versu
883 3081 934 3140 23.
960 3074 1078 3133 domurn
1099 3075 1132 3132 in
1151 3068 1281 3152 vestigia

187 3176 239 3214 sua
260 3174 290 3215 se
309 3156 435 3235 recipiat
455 3157 521 3215 istis
539 3158 652 3218 verbis:
673 3154 711 3219 άν
725 3155 763 3237 dq'
775 3162 866 3220 ταῦτα
878 3159 956 3242 λέγῃ.
976 3159 1139 3217 Aeschines
1156 3159 1230 3216 leaeo
1247 3163 1282 3218 εἰ

187 3239 340 3298 blaterans
356 3244 480 3297 misceat
493 3274 543 3299 —.
573 3243 649 3299 Tum
660 3251 729 3320 post
741 3243 829 3322 plura
842 3242 998 3300 interiecta
1010 3252 1191 3303 restauratur
1204 3263 1279 3301 ora-

187 3322 230 3382 tio
252 3323 310 3382 isto
332 3323 471 3383 exordio:
493 3324 567 3382 laneo
581 3328 679 3404 igitar
699 3329 728 3383 εἰ
748 3325 833 3383 dicat
851 3325 1023 3385 Aeschines.
1043 3347 1139 3385 sarar.
1166 3327 1280 3387 lufelix

186 3407 357 3488 periculum
373 3408 548 3484 corrigendi,
563 3430 624 3467 non
636 3409 781 3484 librarios,
796 3410 848 3468 sed
860 3410 960 3489 ipsum
971 3411 1155 3489 scriptorem.
1168 3412 1281 3483 Quan-

189 3497 278 3568 quam
292 3490 362 3548 talia
377 3510 469 3568 aequo
486 3493 562 3550 seras
576 3493 689 3568 animo,
711 3493 736 3553 si
758 3514 908 3574 compares
923 3515 992 3555 cum
1005 3495 1084 3553 ausis
1099 3504 1281 3558 nostrorum

187 3572 472 3657 Hypercriticorum.
492 3596 649 3635 scasarsa.

272 3676 304 3734 r.
318 3677 390 3739 ιιι.
402 3695 431 3733 v.
446 3680 494 3742 re.
515 3674 587 3754 νει]
608 3645 1203 3740 AbestabetitioneP.Mmutii.na1sx.

194 3850 399 3863 —nu-——o-n

218 3956 245 4023 P)
268 3958 397 4026 Neglecta
420 3958 470 4024 ipsi
488 3959 708 4027 Wyttenbachio,
735 3977 792 4011 enm
816 3958 844 4011 ln
860 3961 993 4013 Plutarchi
1010 3963 1106 4016 Moral.
1127 3981 1153 4032 p.
1168 3963 1227 4017 122.
1246 3968 1280 4022 Ε.

274 4045 362 4078 verum
388 4019 527 4087 άνελὸντες
551 4041 642 4080 contra
664 4028 826 4096 Xylaudrnm
848 4048 925 4097 aegre
947 4041 1076 4082 tutaretur
1098 4034 1281 4086 Animadvers.

238 4133 239 4137 ,
272 4113 300 4164 p.
317 4093 376 4146 806.
398 4097 477 4158 Quod
494 4098 522 4146 in
537 4097 670 4148 Plutarchi
689 4098 788 4147 editore
805 4097 855 4148 hoc
873 4098 954 4167 magis
973 4101 1127 4162 mirandam,
1145 4118 1197 4169 quo
1215 4119 1281 4151 sae-

271 4168 329 4230 ptus
344 4162 533 4214 Chaeronensis
548 4165 615 4216 hanc
634 4166 852 4230 constructionem
868 4169 1010 4234 usurpavit,
1028 4177 1057 4218 ut
1073 4170 1105 4222 T.
1122 4170 1154 4221 ll.
1171 4184 1198 4234 p·
1215 4167 1281 4221 667.

273 4231 304 4281 lt.
323 4223 374 4282 otiu
390 4225 458 4299 ᾤετο
476 4230 535 4285 δεῖν
551 4259 585 4271 ·-
602 4224 675 4287 οὕτω
691 4230 738 4285 καὶ
756 4227 841 4293 αὐτὸς
858 4260 893 4272 -
908 4231 1087 4304 ἐπικερδᾶναι
1102 4261 1144 4290 -.
1168 4252 1280 4290 scene.
