2774 4740
174 233 242 299 672
308 239 311 247 '
419 276 422 281 .
538 220 967 290 landramnus-¹
1040 226 1046 261 ²

178 409 255 482 cept.
281 399 357 459 beno
378 397 524 479 gerendae
548 399 634 480 unp.
656 432 698 446 -
721 401 802 481 Sept.
826 392 958 479 sapient.
981 398 1108 460 Conriv.
1127 430 1172 446 -
1191 398 1279 458 orat.
1331 428 1334 433 ·

176 487 367 548 almaton-
385 486 422 544 de
434 486 563 563 Tranqn.
580 486 678 545 Aniru.
691 520 732 531 -
746 486 785 544 de
797 486 941 544 Prosectn
952 484 985 543 in
996 484 1116 544 Virtute
1129 493 1185 543 etc.
1211 483 1281 542 Ad-
1341 534 1346 543 .

174 570 301 631 iiciatur
320 571 449 628 niaxima
462 568 548 628 Philo
560 569 701 648 Iudaeus,
723 571 858 629 Clemens
870 568 1108 641 Alexandrinus,
1128 569 1283 627 Aristote-

177 657 232 730 lea,
248 655 391 713 Stobaens
393 653 612 733 ,Phrynichus
629 655 772 730 Laertius,
793 654 959 729 Pausanias,
973 652 1152 728 Athenaeus,
1166 653 1281 712 Aristi-

179 741 250 815 dea,
270 739 401 811 Gellius,
420 739 637 813 tertullianus,
661 738 836 798 Eustathius
852 739 972 817 aliique.
1001 699 1284 797 Exreoeritiorihus

79 852 83 859 ·
178 827 297 885 Cantor.
321 823 355 881 V.
375 824 452 882 Nos.
473 823 597 887 Lect..9
624 784 661 882 H.
673 822 776 903 Steph
780 814 839 882 lV.
857 822 1038 881 Schediasm
1051 828 1102 888 20.
1114 829 1166 888 Pl
1186 825 1283 882 stlat.

129 938 136 947 ·
180 909 218 969 de
233 917 310 989 patr.
321 907 444 967 Homeri
456 928 482 965 c.
501 912 530 974 5.
547 907 744 967 stanleinsin
759 909 828 967 Vita
843 907 961 967 Solonis
977 917 1034 969 etc
1072 908 1145 966 Ιιι“
1124 929 1180 982 ns,
1203 927 1285 986 quae

179 1002 355 1053 conseruata
369 1001 441 1051 sunt
442 992 638 1069 ,elegantiam
649 1013 719 1051 sane
734 1002 764 1051 et
779 993 907 1052 nitorem
924 992 1088 1071 floremque
1105 992 1191 1051 illum
1202 1013 1284 1073 poe·

178 1078 292 1153 ticum,
314 1098 402 1157 quem
414 1074 574 1153 sentimus,
595 1077 737 1145 describit
751 1097 853 1153 aterno,
877 1077 974 1136 lector
994 1097 1077 1136 meus
1096 1096 1158 1136 non
1180 1078 1286 1137 maxi·

178 1182 264 1224 anum
278 1160 495 1243 deprehendet,
512 1182 616 1221 vnum
632 1162 854 1244 simplicitatem
869 1162 1034 1240 quandam,
1058 1180 1133 1241 quae
1148 1162 1286 1242 primae·

179 1268 235 1308 vos
248 1266 344 1307 mores
361 1256 390 1305 et
404 1256 529 1305 aetatem
543 1248 667 1307 redolet.
703 1248 774 1307 Eius
788 1244 1000 1306 lasciuissimus
1016 1266 1120 1306 versus
1135 1257 1287 1307 naeruorat

180 1332 325 1414 Apuleius
343 1332 376 1390 in
391 1332 536 1411 Apologia
550 1343 580 1390 et
594 1328 774 1395 Plutarchus
789 1333 823 1391 in
838 1331 916 1390 Vita.
937 1333 976 1390 Et
990 1340 1103 1392 restant
1115 1352 1184 1390 sane
1199 1334 1287 1413 apud

177 1418 373 1497 antiquorum
384 1418 556 1493 nonnullos,
569 1436 645 1498 quos
653 1416 750 1476 ‘modo
758 1415 888 1492 adduxi,
909 1418 1053 1495 quaedam
1071 1416 1135 1491 eius
1147 1438 1287 1476 comana-

179 1500 222 1562 tis
238 1511 268 1561 et
277 1502 468 1581 petulantiae.
489 1502 652 1561 Honestius
672 1520 742 1560 sane
758 1502 957 1580 fragmentum
971 1509 1001 1560 et
1018 1501 1179 1580 elegantius
1190 1504 1287 1582 paulo

66 1646 72 1655 ,
180 1586 221 1647 ad
234 1607 290 1646 noa
306 1587 445 1662 duravit,
468 1586 492 1644 1.
505 1587 631 1646 Stobaoo
644 1589 736 1645 Sernn
754 1588 805 1645 tx.
818 1587 851 1646 id
866 1595 1063 1666 procurante:
1082 1587 1191 1665 inquo
1204 1588 1288 1648 varii

179 1671 304 1733 hurnsni
319 1671 434 1749 gennis
447 1682 605 1750 quaestus,
624 1672 752 1747 artificia
775 1682 805 1730 et
824 1671 973 1745 rationes,
997 1670 1105 1748 quibus
1130 1671 1222 1730 homo
1248 1672 1287 1730 ah

179 1754 303 1815 homine
331 1756 542 1834 distinguitur,
569 1757 668 1836 lepide
693 1757 906 1835 depinguntur.
935 1757 975 1813 Et
999 1756 1142 1834 quoniam
1163 1757 1288 1817 Stobaei

179 1839 320 1916 chartae,
346 1842 454 1901 doctae
474 1861 544 1899 saue
570 1851 600 1900 et
620 1841 799 1918 laboriosae,
824 1844 856 1899 in
874 1839 932 1899 hac
954 1849 1055 1899 nostra
1079 1850 1174 1900 aetate
1193 1852 1289 1921 atque

62 1933 64 1937 ’
179 1923 394 2005 hacsupientia
408 1946 479 1989 uon¹
486 1926 601 1986 assidue
615 1934 771 2002 teruntur,
793 1934 846 1984 aut
860 1925 964 1984 saltem
978 1945 1041 1983 non
1063 1946 1097 1984 es
1111 1928 1313 2008 assiduitate,

178 2011 334 2086 tenuatur,
355 2030 444 2090 quam
456 2021 610 2070 merentur
616 1972 817 2092 ,deproniam
828 2028 924 2091 pauca
949 2019 1040 2089 atque
1058 2011 1204 2072 lectorem
1226 2015 1289 2073 do·

179 2095 258 2156 nabo
276 2116 376 2155 meum
388 2096 442 2154 illo
455 2094 604 2154 humanae
618 2096 699 2155 vitae
714 2097 838 2177 speculo
851 2096 1028 2154 Saloniano:

265 2174 399 2244 Σττενιλει
413 2174 444 2242 ιλ
460 2177 591 2243 άλλοθεν
606 2176 702 2255 ἄλλος
724 2179 812 2261 ὁμέν
828 2179 905 2241 κατά
919 2175 1034 2244 πόντον
1050 2172 1157 2243 άλᾶται

346 2260 396 2328 Ἐν
410 2264 520 2370 γηγσὶν
531 2259 647 2363 γρῄζοον
662 2267 766 2328 οἴκαδε
779 2261 917 2370 πέρδος”
897 2288 981 2345 αγειν

184 2366 188 2373 ·
263 2343 423 2431 Ἰχθνόεντ’
440 2327 578 2455 άνέμοισι
595 2345 971 2455 φορεύμενοςάργαλέοισι,
1015 2376 1024 2386 ·

349 2431 506 2515 Φειδωλήν
520 2439 624 2515 ψυχῆς
638 2429 784 2516 οάδεμλην
797 2435 935 2514 θέμενος.
1001 2442 1011 2457 “

234 2552 238 2559 ·
256 2516 365 2594 Ἀλλος
379 2523 438 2600 γῆν
449 2518 566 2622 τέμνων
580 2519 798 2626 πολυδένδρεον
814 2521 857 2592 ελς
873 2514 1012 2583 ένιαντον
1136 2576 1141 2582 .

148 2672 158 2685 ,
344 2598 503 2707 Ausonias,
518 2598 772 2711 τοῖσικαμπάλ’”
751 2627 864 2685 αροτρα
879 2603 968 2683 μέλει.
1093 2618 1096 2623 ’
1208 2641 1213 2651 -

123 2688 126 2692 ’
187 2704 212 2721 “·
252 2682 366 2760 'Altos
377 2681 543 2769 Αθηναίης
555 2711 588 2752 τι
604 2712 655 2751 ται
645 2687 833 2766 Ἡφαίστου
848 2687 1034 2768 πολυτλχνεα
1137 2708 1141 2721 ’

299 2768 376 2837 ”E
378 2777 471 2852 ργαλα
488 2775 533 2836 εἰν
544 2780 656 2854 χειροῖν
672 2772 837 2875 ξνλλέγετμι
850 2771 960 2853 βίοτον.

257 2824 366 2929 ’Ἄλλος
373 2851 590 2965 Ολνμπιάιλοον
601 2852 762 2920 Μουσάων
774 2851 858 2959 πάρα
871 2859 955 2939 δῶρα
972 2857 1137 2940 διδαχθεὶς,

343 2941 474 3045 Ἱμερτην
488 2945 599 3023 σοφίης
609 2941 721 3023 μέτρον
737 2936 951 3048 έπιστάμενος

257 3020 370 3090 ”Assos
382 3022 492 3134 μάντιν
507 3029 617 3106 έθηκεν
630 3024 706 3103 άναξ
722 3022 861 3129 ἑκάεργος
871 3021 1029 3104 Ἀπολλων,

338 3109 440 3193 Ἔγνω
454 3108 487 3175 δ’
499 3108 589 3215 oadal
599 3134 691 3176 κακον
704 3107 834 3214 τηλόθεν
845 3105 1016 3215 έργόμενον,

233 3186 320 3257 tta
335 3192 591 3303 σννομαρτήσωσι
594 3199 680 3259 θεολ·
696 3222 733 3259 τα
725 3194 779 3260 δέ
794 3191 925 3301 μόρσιμα
939 3188 1117 3271 πάντας
1186 3216 1192 3233 ¹

345 3279 396 3343 ον
407 3304 435 3343 τι
445 3305 491 3355 τις
503 3278 609 3356 οἰωνὸς
622 3278 753 3361 ῥύσεται,
773 3277 837 3343 οὔθ
859 3273 935 3361 λερά
1007 3305 1010 3309 ’

189 3416 193 3427 ,
256 3359 360 3431 ’Ἄλλοι
375 3368 520 3473 Παιοῖνορ
530 3362 771 3472 πολυφαρμάκου
786 3364 872 3447 ἔργον
888 3364 1005 3447 ἔχοντες

199 3525 202 3529 1
345 3443 460 3556 Ἶρτρολ,
472 3452 524 3513 sol
538 3456 601 3525 τοῖς
616 3445 705 3513 ουίλὲν
723 3451 821 3514 ἔπεστι
834 3447 926 3524 τέλος.

268 3529 404 3596 Πολλάκι
421 3528 453 3597 d'
465 3535 496 3611 έξ
481 3529 615 3638 ξάλίγης
628 3529 740 3615 ὄδάνης
751 3533 828 3637 μέγα
839 3536 971 3635 γλγνεται
986 3528 1143 3621 αλγος,

349 3617 418 3705 Κᾷν
433 3644 477 3694 τις
490 3616 647 3682 λάσαιτο”
625 3644 702 3701 ηπια
714 3644 876 3725 ῳμρμαιια
875 3613 956 3693 δούς.

271 3697 332 3766 tt»
345 3682 390 3765 δὲ
388 3712 494 3778 κακαῖς
510 3700 648 3767 νούσοισι
662 3699 839 3786 κυκώμενον
855 3696 1014 3810 άργαλέαις
1024 3724 1057 3767 τε

345 3787 517 3870 ’νιψάμενος
529 3796 641 3871 χειροῖν
658 3787 737 3869 αἶψα
750 3781 885 3868 τέθησΉ
864 3792 946 3869 νγιῆ.
1026 3812 1029 3817 ·

180 3871 304 3933 Mandas
313 3874 454 3953 ,quibus
468 3874 558 3933 obsiti
574 3884 645 3933 sunt
660 3874 693 3933 hi
710 3874 798 3952 elegi,
824 3873 931 3932 tollere
955 3893 1018 3933 non
1039 3882 1142 3933 vacat:
1165 3875 1206 3935 ad
1229 3878 1293 3938 alia

180 3957 453 4019 festinaramus.
496 3959 623 4029 Basilius
647 3958 836 4038 delegandis
859 3958 981 4018 Graecis
1002 3959 1076 4017 citat
1097 3969 1158 4019 tres
1179 3981 1292 4023 versus

181 4044 301 4102 Solonis
303 4065 400 4124 ,quos
414 4044 527 4126 pariter
540 4045 646 4104 laudat
656 4043 833 4104 Plutarchus
849 4043 886 4102 de
901 4044 1056 4104 sentiendo
1070 4044 1196 4104 virtutis
1211 4069 1293 4128 pro·

180 4127 264 4186 lactu
278 4138 308 4188 at
322 4130 355 4188 in
369 4131 487 4189 Solone.
518 4131 646 4189 Exstant
660 4128 752 4189 hodie
772 4129 853 4187 inter
868 4129 1000 4188 Gnomes
1013 4128 1198 4208 Theognidis
1214 4154 1292 4194 ver·

179 4230 217 4271 su
230 4219 302 4278 816
324 4214 460 4275 Verum'
450 4236 484 4274 na
498 4215 585 4294 poiisi
597 4236 660 4274 non
680 4216 811 4274 multum
826 4207 981 4277 abludunt
995 4214 1067 4274 Solo
1082 4225 1111 4274 ot
1127 4216 1290 4316 Tlnognia

181 4298 233 4356 dee
247 4298 398 4359 Plutarch
413 4300 552 4360 Prosaica
570 4302 611 4378 of
620 4301 812 4379 Theognisp.
823 4303 853 4365 9.
870 4299 916 4360 ad.
926 4300 978 4361 Gr.
993 4316 1125 4361 αιτιοι.
1139 4304 1182 4375 ιἰι
1192 4305 1291 4365 acts
