2774 4740
243 280 249 293 .
313 208 316 213 ’
392 248 955 319 snoasrraocoaors.
1157 226 1225 341 air
1299 326 1304 332 .

122 434 182 477 suo
198 415 316 477 cederet
328 417 519 480 Boedromio.
549 418 611 498 ligo
632 419 761 481 omnino
775 421 862 497 aliter
878 431 988 487 statuo.
1015 425 1079 493 llas
1090 450 1137 495 res
1150 452 1223 509 nnn,

119 510 158 561 ut
180 522 245 561 rein
268 505 425 581 reputavit
448 503 616 580 Cominius,
643 504 726 565 intra
751 507 881 585 spatium
899 508 970 573 VIII
987 514 1134 579 mensium
1151 528 1225 581 sunt

120 586 362 648 concludendas:
378 609 452 653 nou.
491 589 642 649 Nimirum
660 592 740 651 intra
760 588 916 661 Aeschinis
937 616 1046 657 munus
1069 603 1227 680 pylagori.

122 692 192 730 catus
205 682 236 731 et
248 692 297 731 res
312 672 476 735 infeliciter
493 673 679 735 Chaeroneae
696 684 801 753 gestas,
822 696 885 737 nun
903 678 980 754 VIII,
996 682 1048 743 sed
1064 687 1123 746 XX
1136 709 1224 749 suen-
1291 690 1295 695 ’

119 776 168 815 ses
188 755 424 819 intercedebant.
459 760 536 821 Nam
554 757 761 839 Theophrasto
786 760 942 823 Archonte
962 766 1083 848 Olymp.
1110 772 1172 833 CX.
1186 780 1223 839 ·1.‚
1280 824 1285 835 ,

96 884 99 889 -
119 841 230 901 missus
244 851 289 901 est
307 844 478 923 Pytngoras,
493 843 647 905 Archonte
670 854 769 907 autem
789 843 963 909 Clraerouda
978 852 1100 933 Olymp.
1117 858 1178 919 CK
1191 864 1222 927 s.

119 936 286 1019 pugnaturn
303 938 348 989 sot
364 928 560 993 Chaeroneae.
774 1014 813 1075 Ο]

418 1156 420 1161 ,
450 1096 675 1178 Theophrastus
787 1035 894 1165 Climl).

360 1224 363 1229 -
450 1182 683 1261 Isyaiurachidea
863 1190 908 1250 2..

452 1264 641 1327 Chacrmsdus
862 1277 895 1337 8.
964 1308 967 1313 -

495 1352 522 1411 0
537 1353 560 1411 L
573 1353 599 1411 Y
613 1352 643 1413 hI
657 1353 689 1411 P.
718 1352 792 1412 CX.
826 1358 853 1417 I.

118 1428 189 1497 ’lini
202 1428 400 1513 Θεοφράστου
419 1431 567 1516 ἄρχοντος
586 1429 784 1518 llutoyo'pooc
803 1434 892 1517 ὑμεῖς
910 1439 1027 1501 εἵλεσθε
1046 1445 1179 1515 Μειδίαν
1190 1468 1223 1515 τι

121 1519 239 1583 ἐκεῖνον
257 1516 309 1581 τᾶν
321 1513 558 1601 Ἀναγνόόοὶσιον
581 1521 633 1585 aul
647 1520 821 1601 Generalis
841 1518 891 1585 τὸν
909 1521 1042 1603 Λέσβιον
1056 1527 1108 1594 καὶ
1121 1532 1227 1610 τρίτον

121 1599 197 1685 μετα
208 1597 322 1666 τούτων
334 1603 394 1685 ἐμέ.
420 1604 561 1665 Acachia.
575 1627 600 1666 c.
614 1604 744 1685 Ctesiplr.
761 1626 826 1685 pag.
843 1610 915 1673 505.
929 1610 986 1668 ult.

479 1690 505 1749 0
517 1692 542 1749 L
559 1693 585 1749 Y
598 1692 629 1753 hl
641 1692 674 1751 Ρ.
715 1693 737 1747 C
750 1692 788 1750 Χ.
826 1696 857 1757 2-
1023 1754 1026 1759 .

118 1771 332 1853 Lysimachide
347 1774 489 1834 Praetore
504 1784 623 1855 captam
642 1794 705 1837 esse
718 1774 851 1839 Elatuem
867 1774 1060 1837 disertissime
1073 1789 1223 1851 ‚testantur

117 1860 284 1938 Dionysius
302 1858 572 1927 Halicarnassensis
595 1860 787 1919 ctlliodorus
808 1859 941 1919 Sictdus:
963 1860 1015 1919 ille
1036 1864 1223 1942 Epistol.·ad

119 1945 304 2019 Arunraeum,
318 1940 372 2001 hic
383 1945 462 2005 XVI.
469 1949 522 2011 84.
544 1945 581 2004 Id
593 1966 666 2005 vcro
682 1945 817 2021 contigit,
834 1955 869 2003 ut
884 1945 1022 2021 vidimus,
1039 1946 1123 2008 iuxta
1136 1952 1221 2021 Scir-

118 2028 356 2108 rhoplrorionoiu
371 2028 435 2087 sive
449 2030 587 2109 Iunium,
608 2050 739 2089 urcusem
763 2029 835 2087 unsri
849 2039 1053 2109 postremump
1075 2036 1222 2099 stradam

120 2124 240 2191 aestate,
253 2132 332 2171 anno
347 2122 446 2173 autem
459 2110 603 2189 vertenle,
746 2170 751 2179 ‚
916 2176 922 2185 ,

319 2264 322 2269 Δ
491 2195 679 2257 OLYIIIP.
717 2197 791 2256 CX.
826 2201 855 2261 8.
1215 2262 1218 2267 ,

121 2281 296 2341 Chaerouda
310 2282 465 2357 Praetore,
479 2294 644 2363 pugnatum
661 2292 707 2341 cst
720 2281 919 2357 Chaeroneae,
934 2292 969 2341 ut
984 2304 1086 2349 enarres
1098 2298 1220 2351 norunt.

119 2368 199 2445 Ergo
214 2387 314 2425 menso
328 2367 545 2429 Baedronnone
557 2368 678 2447 Olymp.
695 2366 756 2425 CX.
767 2372 796 2431 ἲ.
809 2367 926 2423 exarari
942 2376 1107 2444 potuerunt
1116 2373 1222 2437 literas
1338 2418 1341 2423 .

119 2452 263 2532 Philippi,
277 2472 310 2509 ea
325 2473 433 2532 nempe
444 2462 563 2528 aestate,
578 2472 654 2531 quae
669 2460 829 2513 consecuta
842 2460 886 2509 est
898 2471 1025 2511 vernum
1037 2452 1127 2515 istum
1145 2477 1221 2515 con-

120 2547 244 2598 ventum
264 2537 566 2617 Amphictyouicum,
593 2538 626 2595 in
646 2557 705 2616 quo
726 2533 888 2595 Aeschines
907 2535 1066 2616 imperium
1079 2539 1220 2621 Philippa
1269 2558 1272 2563 ’

121 2621 322 2703 comparabat,
342 2631 373 2680 et
388 2622 514 2698 diutius,
535 2633 693 2701 aritequam
706 2620 810 2681 Elatea
828 2632 1026 2699 occuparetur
1044 2633 1073 2683 et
1086 2625 1221 2706 Phihppi

122 2708 247 2767 consilia
260 2706 445 2786 patelierent.
466 2710 510 2769 Eo
523 2708 616 2785 igitur
629 2726 749 2780 errore,
769 2706 794 2765 si
817 2706 861 2764 sas
881 2704 956 2765 inihi
978 2708 1018 2766 sit
1028 2707 1142 2779 homini
1162 2712 1220 2771 do-

116 2790 255 2851 ctissimo
270 2800 359 2872 atque
373 2793 596 2853 accuratissimo
612 2790 722 2851 erroris
736 2791 834 2851 dicam
846 2791 987 2868 scribere,
1002 2813 1036 2853 eo
1050 2804 1149 2859 tumim
1163 2797 1220 2869 pl)-
1238 2814 1247 2827 ⁸

121 2886 222 2958 raptus
241 2885 288 2935 est
300 2877 463 2953 Cominius,
480 2878 562 2956 quod
581 2896 691 2937 nrunus
704 2874 859 2937 Aeschinis
873 2876 1082 2955 pylagoricmn
1097 2882 1218 2961 (llymp.

122 2962 182 3021 CX.
196 2967 238 3037 2.,
254 2981 318 3021 non
333 2962 454 3041 Olymp.
471 2963 532 3021 CX.
546 2967 583 3038 1.,
597 2971 633 3023 ut
646 2961 759 3036 debuit,
773 2959 977 3038 assignaverit.
999 2962 1141 3025 Attamen
1150 2967 1219 3034 ‚dis-

122 3056 263 3125 putatur,
283 3048 393 3121 Lomn,
412 3047 609 3107 Macedonum
623 3066 770 3120 mensem,
787 3065 850 3103 non
862 3045 1076 3105 Boedromioni
1090 3070 1202 3126 respon

123 3132 193 3190 ders
204 3130 383 3205 Atticorum,
398 3133 460 3205 sed,
474 3132 554 3210 quod
569 3132 724 3191 Cominius
739 3129 848 3203 voluit,
860 3128 1120 3199 IIecatombaecui.
1141 3134 1220 3197 lires

105 3263 107 3269 .
122 3216 215 3274 onim:
229 3225 318 3274 natus
331 3225 376 3277 ert
388 3216 559 3276 Alexander
575 3216 658 3275 iuxta
673 3212 868 3275 Plutarchum
882 3212 918 3271 in
933 3213 1002 3273 Vita
1016 3235 1083 3293 pag.
1098 3222 1127 3279 7.
1146 3216 1218 3277 edit.

120 3300 230 3379 Bryon
245 3298 406 3380 ἱσταμένου
421 3297 516 3379 μηνὸς
530 3298 800 3379 Ἑκατομβαιῶνος,
814 3292 852 3361 iv
867 3292 1045 3372 Μακεδόνες
1059 3304 1155 3385 Apios
1167 3325 1218 3381 aa·
1292 3342 1295 3353 ·

120 3389 241 3459 λοῦσιν,
259 3383 338 3470 ἕκτῃ.
358 3385 398 3443 Iit
411 3384 571 3443 memoriae
586 3384 676 3443 ctiam
692 3382 852 3463 proditur,
872 3401 932 3458 quo
948 3390 1082 3463 tempore
1103 3387 1140 3445 de
1154 3385 1218 3449 lilio

117 3479 202 3545 nato,
218 3469 322 3528 eodem
334 3469 372 3529 de
387 3470 517 3541 victoria
530 3490 648 3548 quoque
663 3466 823 3547 Olympios
844 3466 991 3525 nuncium
1006 3467 1147 3550 Philippo
1157 3471 1219 3543 pd-

118 3554 201 3613 Iern'.
230 3554 342 3613 Iliensis
363 3564 462 3613 autom
485 3555 663 3635 Olympicus
683 3563 746 3613 crat
764 3551 991 3611 Hecatomlraeo.
1029 3555 1068 3613 Et
1090 3557 1219 3636 proinde

118 3648 254 3713 constat,
267 3660 331 3699 nou
342 3639 437 3699 alium
447 3641 597 3720 potuisse,
614 3640 638 3698 si
652 3640 759 3712 vellet,
780 3636 977 3697 Plutarchum
989 3659 1120 3705 mensem
1135 3641 1218 3701 Atti-

58 3742 73 3765 ν
119 3744 191 3783 cum
209 3724 403 3801 Macedonico
429 3727 490 3786 Loo
510 3745 663 3806 opponere
675 3732 796 3803 praeter
808 3724 907 3803 ipsum
922 3722 1217 3793 Hecatombaeonem.

116 3809 180 3871 sed
192 3808 270 3867 mihi
281 3808 424 3869 videntur
438 3810 513 3870 bene
528 3832 612 3889 agere
626 3811 796 3889 superiores
808 3807 871 3882 illi,
887 3816 939 3867 aut
953 3808 1013 3883 dii,
1033 3820 1086 3869 aul
1100 3809 1158 3869 diis
1173 3810 1218 3869 si-

115 3893 217 3968 miles,
231 3894 423 3972 Chronologi,
442 3897 634 3973 scaligerum,
654 3895 819 3969 Patavium,
843 3892 1006 3967 Usscrium,
1027 3895 1219 3959 Dodwellum
1262 3932 1266 3938 -
1363 3976 1368 3985 Ι

116 3979 272 4058 intelligo,
294 3980 347 4060 qsai
369 3980 558 4063 distinguunt
580 3982 661 4041 inter
689 3981 811 4041 lunares
833 3977 1032 4037 Macedonum
1055 3988 1084 4036 et
1107 3979 1225 4041 solares·

118 4084 231 4139 annom
253 4066 342 4125 cuius
361 4065 563 4125 distmctiouis
583 4065 699 4125 ratione
722 4063 840 4138 habita,
862 4061 929 4120 lieri
951 4063 1069 4139 potuit,
1088 4072 1124 4121 ut
1138 4065 1217 4125 heus

44 4177 48 4181 ·
116 4148 332 4211 hlucedoriicus
348 4146 535 4209 hacreticus
551 4148 817 4223 llecatomhaeoni,
832 4147 886 4207 illa
903 4146 1118 4211 Boedromioni
1129 4149 1218 4209 udin·

116 4233 219 4293 ricem
234 4236 439 4316 responderet.
459 4237 614 4294 Praeterea
629 4256 699 4293 cum
713 4255 775 4293 non
786 4233 860 4291 adeo
875 4231 987 4291 distent
1001 4232 1217 4295 llcmtombaeo
1281 4288 1285 4301 ,

124 4320 352 4398 etlloitlrornio,
366 4319 487 4402 (tuticus
500 4318 580 4381 euim
592 4319 712 4405 mamis,
727 4316 910 4393 nanuum,
923 4316 1134 4400 intumentum)
1151 4342 1218 4379 cre-

314 4440 316 4444 ’
944 4436 969 4496 l'
986 4443 1010 4503 ‘2
