2774 4740
249 245 309 305 so
338 242 473 306 ones.
499 197 559 305 ni:
591 218 727 306 niss'
747 245 898 309 esses
926 247 1090 310 secer.
1153 253 1217 320 ees

93 486 99 497 ,
208 415 240 475 Ρ.
254 419 328 487 373.
340 434 370 472 v.
383 418 435 481 22.
456 409 509 477 τύν
525 412 643 496 ἔλεγχον
661 409 716 477 cdv
732 409 809 498 ύπέη
822 407 956 495 τούτων]
982 413 1033 480 τίν
1048 412 1215 498 sindered-

123 520 184 561 των
199 498 316 578 ἔλεγχον
330 498 456 575 August.
468 498 584 578 primus
603 508 632 558 et
647 499 795 557 secundus
803 542 812 574 ,
826 500 997 576 stsricus,
1012 502 1122 562 Aldine
1134 503 1221 584 Tep-¹

123 583 191 643 lori.
205 603 302 643 snex.
323 579 377 645 τύν
389 579 468 665 ύπλρ
484 578 599 645 τούτων
612 582 729 667 ἔλεγχον
742 583 869 647 Bekker.
889 605 1051 657 sessurus,

123 774 168 827 m
207 685 239 744 P·
253 688 325 751 373
337 701 367 742 v·
379 687 429 749 22.
451 680 543 762 dures]
569 707 614 766 pp.
629 682 690 747 ίστλ
703 702 806 763 mergo
818 685 990 745 Lutetiam
1002 686 1067 747 sisse
1081 689 1216 749 sucteri·
1244 732 1247 737 ,

169 786 193 826 e.
214 787 311 827 ruste

76 902 82 909 -
106 886 112 897 ·
209 869 240 928 Ρ.
254 873 325 934 373.
339 888 369 929 v.
385 875 435 938 28.
457 863 527 951 μεθ’
548 867 655 951 ύμοῖν]
685 870 794 933 Utrum
815 874 949 937 σκοπεῖτε
969 866 1037 952 μεθ’
1052 872 1151 955 ύμιύν,
1175 894 1216 947 en

126 949 169 1029 τίς
188 950 270 1015 loces
289 954 406 1028 δίκαιος
419 949 487 1034 μεθ’
503 953 606 1035 ύμοῖν,
624 953 757 1017 τουτέστι
774 949 974 1035 βοηθούντων
993 955 1096 1038 ύμολν,
1114 970 1226 1027 vestra·

125 1036 320 1113 opere„eol>is
332 1038 575 1099 admoventibus?
585 1058 684 1099 wous.
701 1040 806 1099 Rarior
820 1047 850 1097 et
863 1039 965 1099 rseecio
978 1061 1017 1098 en
1029 1043 1126 1111 minus
1139 1064 1222 1121 pro-·

124 1120 223 1189 herede
232 1120 324 1180 dictio
337 1142 395 1202 pre
409 1122 574 1201 vulgatiore
592 1117 640 1199 λς’
650 1120 739 1202 ύμοῖν
755 1117 872 1200 ederis,
890 1123 1060 1201 vobiscum,
1080 1128 1170 1206 plane
1181 1135 1226 1193 ut,-

125 1204 233 1280 Letini‚
247 1225 336 1284 penes
349 1227 413 1281 res,
430 1208 528 1281 tacite,
543 1216 666 1267 secreto.
681 1227 784 1281 σωκ.
820 1207 862 1265 Ut
872 1208 970 1267 serior
983 1210 1021 1269 sit
1035 1209 1146 1286 dictio,
1166 1206 1226 1275 m,

125 1308 194 1346 men
206 1289 302 1368 probe
314 1300 366 1349 est.
403 1291 462 1351 Sed
479 1290 604 1363 wolfius
620 1291 702 1372 quod
721 1289 889 1367 dubitavit,
907 1292 974 1371 quis
990 1314 1054 1355 non
1068 1294 1216 1363 miserest

49 1388 53 1395 '
126 1390 287 1432 tensum.

209 1475 241 1535 1‘.
256 1479 326 1540 373.
342 1495 372 1536 v.
386 1480 436 1542 23.
457 1474 557 1558 ύμοόν]
579 1473 668 1556 eiusde
687 1472 776 1535 hebet
789 1476 859 1536 Ced.
874 1472 961 1551 Harl.¹
987 1478 1085 1553 Quem
1105 1470 1224 1539 lectio-¹

125 1576 194 1615 nem
217 1578 336 1639 queque
354 1560 488 1639 agnoscit
506 1571 537 1620 et
557 1561 773 1640 interpretum
792 1560 979 1621 scholiastes.
1001 1562 1216 1642 interpretetur

126 1639 247 1718 quidem
264 1652 433 1724 utramque,
468 1644 521 1707 sed
543 1643 695 1705 meliorem
721 1643 833 1721 udhuc¹
849 1644 984 1705 desidero
1013 1645 1214 1737 interpretem,
1300 1650 1303 1657 '
1338 1648 1344 1655 ’

125 1744 255 1785 utnon.

208 1827 241 1885 P·
254 1832 325 1896 373.
341 1847 371 1887 τ.
384 1832 436 1895 33.
461 1821 577 1912 dudm
594 1821 694 1908 δήπου
711 1824 782 1903 τούς
803 1822 912 1911 λόγους
929 1846 957 1891 es
980 1848 1006 1891 τ.
1029 1826 1068 1909 λ]
1090 1830 1213 1889 Sensus:

125 1911 249 1972 Necesse
261 1922 307 1971 est
319 1911 496 1988 Aeschines,
519 1912 545 1971 si
557 1912 669 1971 medis
683 1911 787 1972 insons¹
800 1924 860 1989 est,
878 1914 932 1972 ills
952 1910 989 1971 de
1002 1910 1229 1989 Phocenslbus,·'·

126 1995 261 2075 Thespiis
277 1997 454 2075 Euboesque
468 1997 556 2054 vebis
568 1996 762 2072 nuntiaverit,
781 2008 835 2057 sut
844 1997 924 2075 quod
936 2016 1045 2056 revere·
1051 1998 1216 2057 audivisset

126 2079 299 2160 Philippum
316 2082 388 2141 telis
400 2080 553 2161 polliceri,
573 2089 626 2139 eut
641 2080 722 2158 quod
732 2080 901 2141 Macedonis
920 2080 1133 2141 hunnnitetem
1144 2101 1215 2160 spe-

127 2164 238 2223 ciosam
256 2185 315 2243 quo
329 2185 392 2223 non
406 2165 530 2224 debebat
539 2184 630 2223 scinu
642 2163 843 2244 interpretum
856 2166 998 2246 deceptae
1011 2184 1147 2245 vaneque
1161 2184 1225 2245 spe·

125 2248 254 2309 lactetur
264 2259 348 2308 esset.
368 2270 531 2311 senenses.
957 2266 965 2279 ·

211 2351 243 2409 Ρ.
257 2355 329 2414 373.
342 2369 372 2408 r.
385 2355 436 2414 23.
457 2342 572 2430 ω’νύγκη
584 2344 683 2428 δήπου
695 2347 767 2424 τούς
780 2345 889 2432 λόγους
902 2373 930 2412 se.
942 2372 969 2411 τ.
982 2349 1019 2431 λ]
1047 2349 1227 2409 Desideturi.

17 2438 20 2445 '
125 2433 270 2493 ridentur
289 2434 388 2511 ulique
406 2433 445 2499 ed
457 2434 655 2515 supplendam
670 2435 844 2495 cretionem.
876 2434 1002 2495 Haecin
1014 2434 1143 2493 editione
1156 2435 1215 2493 Be-

125 2516 230 2575 nensti
249 2518 393 2597 reperies,
414 2517 470 2576 etsi
488 2539 549 2581 nen
564 2539 621 2576 suo
641 2517 708 2578 loco
727 2519 834 2599 posite.
864 2520 913 2577 Sic
924 2518 1023 2596 itaque
1038 2518 1096 2596 legi
1110 2518 1215 2579 velim:

127 2594 244 2683 α’νύγκη
259 2596 357 2680 δήπου
372 2597 442 2675 ’τόύς
457 2596 567 2683 λύγους
584 2595 746 2676 τούτους
761 2598 826 2665 iod
834 2626 850 2676 ς
863 2600 932 2683 περὶ
946 2607 1008 2667 ieie
1028 2601 1158 2665 Φωκίων
1170 2634 1229 2683 '.·''-

126 2684 179 2747 καί
200 2689 255 2767 τῆς
275 2679 411 2769 Εὐβοίας
432 2685 627 2767 Αἰσχίνην
654 2686 811 2752 τουτονλ
836 2684 933 2768 πρύς
952 2685 1050 2766 ύμᾶς
1072 2687 1214 2764 εἰπεῖν,

128 2770 210 2850 ελπερ
224 2793 251 2832 κ.
263 2792 287 2831 τ.
301 2774 326 2832 λ.
357 2770 437 2831 llaec
457 2778 558 2829 sutem'
577 2770 605 2830 si
619 2790 681 2830 non
700 2770 854 2847 admittes,
878 2772 1077 2831 necessarium
1095 2769 1217 2833 videtur

126 2875 183 2934 pro
197 2847 367 2915 ἀκούσαντα
387 2865 416 2914 et
434 2852 594 2917 ἐλπίσαντα
611 2856 773 2915 reecnlsere
798 2849 928 2918 α’κούσνι
940 2866 970 2915 et
984 2854 1107 2918 ἐλπίσαι.
1120 2858 1229 2915 τσιιιιτ.Ι

128 2938 222 2996 Credo
244 2936 387 2996 Wolfium
404 2938 456 2999 hic
478 2958 597 3013 errore,
622 2960 685 2999 non
704 2940 848 3015 consilio,
877 2938 1032 2999 recessisse
1053 2940 1229 2999 electione'

127 3020 261 3080 omnium
284 3021 432 3081 editonnn
451 3022 793 3103 manuscriptorumque:
817 3016 933 3106 ἀνάγκη
956 3016 1056 3103 δήπου
1075 3019 1147 3097 τούς
1165 3018 1218 3108 et..
1343 3054 1345 3059 ¹

110 3128 200 3188 ιγους
229 3098 394 3179 τούτους
419 3106 611 3187 Αἰσχίνην
646 3104 802 3169 τουτονὶ
827 3102 918 3187 πούς
947 3103 1044 3185 epte
1074 3104 1216 3183 ὲλπεῖν,

126 3186 216 3264 τούς
230 3188 372 3270 περὶτῶν
388 3187 520 3251 Φωκίων
534 3213 561 3252 κ.
575 3213 599 3250 τ.
613 3195 638 3251 λ.
678 3188 774 3249 Aliter
792 3208 861 3248 curn
883 3190 920 3248 cl.
932 3187 1035 3247 lmine
1058 3189 1216 3268 legendum

127 3283 214 3333 estet
226 3272 418 3333 vertendum:
432 3275 554 3333 Necesse
564 3284 606 3331 est
622 3274 721 3353 igitur
733 3274 823 3348 husee,
838 3276 867 3330 ei
879 3270 1028 3350 bonafide
1041 3276 1142 3353 egerit,
1159 3284 1217 3335 cut

128 3358 273 3417 audivisse
285 3358 466 3438 Philippum
488 3358 562 3416 llaec
574 3358 666 3416 cerba
680 3360 848 3435 facientem
869 3356 906 3414 de
925 3358 1129 3417 Pleocmsibue
1149 3366 1214 3437 etc,

129 3454 184 3500 aut
198 3442 362 3522 speravisse
380 3443 455 3500 lseec
473 3463 539 3501 enm
546 3445 722 3519 facturum.
758 3442 816 3501 Sed
837 3441 900 3500 sine
914 3440 1005 3501 dubio
1022 3440 1133 3501 erravit
1144 3446 1216 3524 pree

128 3527 246 3586 incuria
265 3537 317 3585 eut
336 3526 527 3587 festinatione
547 3526 681 3587 Wolfius.
714 3527 783 3587 Non
805 3526 884 3586 enim
910 3526 1005 3584 sciens
1025 3526 1216 3608 prudensque
1310 3534 1313 3541 ’

127 3621 191 3670 tam
203 3610 347 3688 insignem
363 3621 392 3671 et
405 3611 568 3673 notibilem
588 3611 761 3671 varietatem
772 3611 936 3671 transiliret
951 3619 981 3670 et
990 3606 1217 3672 obmutesceret.

128 3714 262 3753 remon.
283 3694 378 3753 Verba
394 3692 520 3770 τούτους
537 3686 684 3775 Αἰσχίνην
701 3695 821 3758 τουτονὶ
841 3690 915 3776 πρὸς
926 3693 1011 3774 dude
1032 3696 1127 3759 ελπεῖν
1146 3692 1219 3771 τούς

129 3778 310 3839 exciderunt
322 3798 360 3837 ex
373 3780 501 3840 editione
517 3780 629 3854 Wolfii,
644 3800 742 3860 neque
757 3780 888 3839 correxit
902 3780 1056 3859 Tsylorns,
1078 3781 1130 3839 sed
1147 3790 1229 3861 pss··¹

130 3885 181 3924 eus
196 3873 241 3921 est
256 3862 288 3921 in
305 3882 388 3921 suem
406 3885 522 3944 quoquo
542 3865 702 3924 editionem
716 3865 864 3944 irrepere,
884 3864 1001 3923 temetsi
1020 3884 1079 3922 sse
1093 3872 1122 3921 ct
1134 3886 1151 3921 n
1164 3865 1222 3947 lu-.¹

128 3948 196 4009 sino
212 3947 458 4008 animadversum.
470 3968 567 4007 essese.
590 3950 664 4009 Cum
678 3950 770 4009 verbu
782 3948 887 4008 emisse
898 3948 1025 4007 Wolfius
1039 3947 1072 4006 in
1085 3947 1226 4009 versione

130 4033 312 4106 reddiderit,
343 4042 468 4113 apparet
487 4032 631 4092 excidisse
661 4034 716 4092 ille
737 4053 792 4113 per
810 4031 1017 4110 negligentium
1038 4032 1222 4113 typothetae,

133 4118 218 4177 cuiue
232 4119 335 4176 oculos
349 4117 608 4176 homoeoteleuton
624 4117 783 4178 fefellisset.
805 4116 895 4189 Quod
912 4124 1010 4174 eutem
1023 4116 1140 4176 Iurinus
1155 4119 1224 4177 loco

131 4221 194 4260 non
217 4222 271 4261 suo
292 4203 393 4282 posite
409 4202 442 4262 in
465 4201 623 4264 Perisienei
647 4202 777 4266 editione
801 4200 892 4277 dicit,
924 4198 1122 4269 vehementer·
1135 4211 1224 4264 erret.

131 4305 287 4347 suumne.
