2774 4740
84 213 261 315 ,no
412 206 913 287 ,nasammonas

18 381 22 393 '
140 369 361 455 triburensi.
381 376 474 437 Nemo
487 384 588 439 antem
599 373 1180 459 antepnsstsntissiusmnhtarldanslum
1189 373 1243 435 si-

141 464 203 538 dit,
230 461 478 523 infaustissimum
495 460 528 521 id
550 461 683 523 incisum
713 457 804 539 [sitici
824 459 864 543 sti
885 463 946 527 Ata
967 494 1012 510 -
1034 466 1077 547 spi
1096 457 1244 544 antipapa]
1281 508 1284 512 .

139 547 243 633 p'otius
264 565 328 616 esse
347 545 570 607 eliminandum.
591 547 810 625 Veruntamen,
830 558 980 609 utineam
992 566 1146 626 exponam
1154 545 1194 629 ¹(le
1209 564 1246 604 es

139 654 176 705 re
191 630 377 706 sententiam,
391 650 463 691 vero
478 640 523 690 est
537 631 661 692 omnino
679 632 873 708 simillimum,
898 641 928 692 et
938 628 1032 693 'talaia
1045 626 1246 695 abiectionem

24 719 31 734 '
155 716 206 779 vel
222 713 323 797 potius
336 715 427 775 talem
442 716 646 777 defensionem
658 719 743 798 pacis
759 719 836 778 analo
850 706 1048 796 concilians),
1063 714 1129 775 scil.
1143 717 1246 773 socios

177 802 215 860 1Ιί
231 799 439 859 diuturnitate
450 802 577 879 fractos
597 822 658 860 esse
679 815 707 861 et
728 800 878 882 dfissos,
895 803 1004 863 iactam
1021 801 1112 861 fuisse
1128 798 1166 857 ah
1180 798 1247 867 Aea,¹

15 962 19 967 Ι
106 879 112 892 '
140 884 263 961 schine,
289 893 320 944 et
337 905 355 943 a
374 884 571 945 Demosthene
594 886 703 947 alicubi
726 887 980 953 animadversam:
1012 906 1070 969 qua
1089 876 1190 944 tamen
1210 882 1245 942 itt

140 980 229 1054 parte
249 968 419 1046 Orationis,
442 990 539 1051 neque
555 969 667 1053 liquet,
693 974 788 1057 n'eque
799 974 932 1034 ⁴tortasse
952 990 1088 1051 unquam
1105 966 1244 1053 liquebit.

141 1056 200 1118 Per
220 1062 317 1115 totam
337 1053 416 1114 enim
434 1038 552 1115 'minim
570 1056 604 1115 in
623 1056 746 1117 modum
760 1056 860 1117 onmia
871 1066 942 1117 sunt
954 1052 1147 1137 conturbata,
1160 1046 1248 1111 ut'its'

143 1138 227 1202 aditu
238 1138 392 1201 Orationis
405 1138 566 1217 admonui,
585 1149 615 1200 et
626 1150 678 1219 ut,
695 1160 729 1201 ea
739 1140 965 1284 progrediente,
979 1132 1099 1223 planius
1114 1130 1246 1223 appare·-¹

140 1224 199 1286 hit.
219 1244 351 1287 aanor.
371 1222 439 1283 Non
455 1224 533 1283 mala
547 1226 709 1303 sententia,
729 1246 746 1287 o
768 1226 855 1286 iectio
874 1226 946 1285 satia
963 1224 1074 1284 valida.
1092 1216 1168 1283 Natu
1186 1220 1245 1281 oh-'

137 1310 301 1379 jectionem
323 1307 481 1371 Aeschinis
500 1307 579 1368 hanc
601 1330 664 1370 esse
685 1320 804 1391 preater
821 1311 916 1392 ipsam
934 1304 1245 1389 rem'etiamthnnula

142 1391 185 1475 ani
197 1395 258 1456 Ata
270 1360 396 1455 iniicat.
418 1393 563 1454 Cohaeret
582 1414 703 1475 quoque
716 1405 785 1476 epte
806 1410 876 1455 ctun
888 1394 1067 1477 praemissis.-
1086 1376 1158 1468 Ego*
1171 1410 1245 1451 vero

143 1499 237 1555 nego,
260 1478 332 1553 siet,
355 1496 403 1542 ms
424 1478 522 1539 socios
539 1479 576 1539 ab
593 1479 824 1541 Atheniensibus
847 1479 1036 1539 absiionasse.
1057 1477 1118 1557 ipsi
1137 1484 1245 1555 sponte

143 1584 198 1623 sua
210 1561 411 1638 desciverunt,
433 1562 504 1643 quia
515 1563 589 1623 betti
601 1565 748 1641 molestiis
759 1574 789 1625 et
803 1564 954 1625 sumtibus
969 1562 1115 1629 exinaniti
1130 1560 1246 1629 diutins

144 1647 318 1709 societatem
337 1647 485 1709 sustinere
503 1668 567 1707 non
585 1658 733 1729 poterant.
756 1650 826 1710 ideo
840 1648 868 1708 ei
880 1649 1107 1710 renunciat-unt.
1131 1645 1247 1705 Hacte-

143 1750 201 1792 nus
213 1740 295 1792 recta
308 1730 416 1791 omnia.
437 1716 549 1793 Verinn
565 1754 630 1794 non
639 1735 798 1807 ¹refutatur
812 1733 888 1795 haec
898 1732 1036 1793 obiectio.
1056 1728 1248 1809 insequentis

143 1836 208 1878 non
227 1815 266 1874 ad
285 1836 350 1875 eam
363 1816 538 1897 respiciunt.
559 1818 621 1879 Aut
635 1839 705 1897 ergo
719 1819 784 1901 ipse
798 1827 902 1880 orator·
911 1816 1012 1879 locum
1025 1816 1108 1877 huno
1118 1812 1248 1889 inchoa·

143 1910 211 1963 tttm
224 1899 258 1959 in
273 1899 375 1960 lituris
389 1896 522 1981 reliquit,¹
536 1912 589 1963 aut
604 1903 745 1964 refutatio
757 1902 845 1964 huius
860 1898 1076 1977 occursionis'e
1090 1898 1177 1965 libris
1188 1919 1248 1975 np-

144 1982 217 2044 stris
229 1984 329 2044 nescio
344 2005 404 2064 quo
425 2006 494 2044 casn
518 1987 647 2064 excidit,-
672 1999 742 2065 sut,
764 1988 791 2050 si
807 1982 931 2069 us'quans
946 1996 1058 2063 exstat,
1080 1984 1186 2045 amatas
1202 1991 1249 2055 est

143 2068 326 2151 hypophors
348 2068 385 2153 ab
403 2070 465 2129 cius
484 2073 685 2153 responsione.
706 2072 842 2149 Interim,
865 2081 901 2132 nt
919 2072 1065 2133 lectorem
1086 2068 1188 2130 saltim
1210 2066 1248 2129 da

144 2152 212 2214 labe
226 2154 525 2231 commonefacerem,
545 2156 620 2217 haec
640 2157 733 2217 verba
750 2157 835 2219 uncis
852 2152 972 2217 inclusi.
992 2154 1092 2229 Etiam
1110 2152 1143 2215 in
1164 2173 1248 2221 tuar-

144 2238 214 2321 gine
226 2238 407 2300 hisermann.
424 2238 610 2342 adscriptum
622 2240 674 2302 hic
687 2242 786 2323 reperi
797 2240 900 2304 taines.
921 2260 1020 2301 nessa.
1161 2284 1165 2289 -
1318 2239 1323 2250 '

224 2324 262 2385 P·
276 2328 349 2393 ³87.
362 2345 391 2386 V·
406 2325 458 2391 25·
479 2324 590 2406 φησει]
610 2325 686 2407 φησὶ
702 2327 826 2404 August.
838 2326 953 2407 primus
968 2334 998 2384 et
1012 2322 1171 2401 secundus,
1187 2322 1249 2384 Ba-

145 2407 277 2484 varicus,
298 2409 351 2468 sed
367 2406 419 2468 hic
438 2429 507 2468 cuin
520 2410 642 2489 vulgata
656 2411 867 2493 superscripta.
880 2430 977 2473 aaran.
1097 2480 1101 2491 ¹

232 2495 263 2552 Ρ·
277 2498 350 2562 887·
362 2512 392 2554 V·
404 2498 457 2559 26.
477 2491 661 2581 πέπρακται]
683 2495 850 2578 πέπρακται
862 2496 969 2557 tuebor
978 2490 1013 2554 ¹et
1025 2493 1159 2553 servabo.
1167 2492 1249 2551 Haec

79 2577 82 2581 ’
145 2576 207 2654 in,
230 2578 267 2637 ut
286 2576 351 2653 aio,
374 2586 441 2635 acta
467 2596 530 2637 esse
549 2581 599 2638 vel
623 2581 756 2640 evenisse
771 2578 859 2639 -id
876 2589 935 2657 est,
959 2578 1057 2638 socios
1073 2587 1191 2637 vestros
1213 2577 1249 2635 ab

144 2660 292 2722 Aeschine
310 2671 341 2721 et
352 2660 523 2722 Phitocrate
535 2684 605 2724 cum
621 2666 745 2746 reliquis
759 2664 939 2745 conspiratis
958 2662 1099 2744 Philippo
1111 2662 1250 2742 proditos

25 2784 28 2788 Α
145 2754 178 2806 st
189 2746 327 2806 venditos
339 2766 404 2806 esso
416 2778 461 2794 -
475 2747 509 2806 id
520 2758 641 2829 praeter
654 2750 714 2809 iam
727 2750 809 2809 dicta
830 2750 934 2808 melius
953 2748 1054 2808 adhuc
1065 2767 1089 2807 e
1107 2768 1181 2807 nsox
1198 2746 1249 2804 di-

146 2829 250 2890 cendis
273 2829 402 2891 discetis.
429 2851 525 2892 assas.
554 2835 636 2897 Haec
651 2835 788 2895 Reiskius
805 2835 838 2893 in
854 2843 999 2895 annotatt.
1022 2833 1057 2891 In
1076 2831 1250 2891 variat-le·-

145 2915 241 2981 atton.
257 2915 380 2997 scripsit
392 2915 482 2976 hacc:
507 2917 684 3001 „ninneton
704 2919 828 2979 s‘nsdita
844 2931 927 2995 sunt,
952 2915 1081 2977 coniecit
1090 2916 1249 2975 Marklan-

147 2999 222 3078 dus,
253 3021 317 3060 non
342 3001 589 3082 improbabiliter.
625 3005 684 3067 Sed
705 3014 736 3064 et
757 3005 880 3083 vulgata
909 3004 984 3065 beno
1010 3002 1249 3082 atara·1sotost.“

145 3104 309 3147 sumeres.

232 3172 265 3229 P·
276 3177 350 3239 887.
363 3193 394 3232 v·
406 3176 458 3240 26.
478 3171 655 3253 ὶπιὶοίπων]
675 3169 853 3237 innotans
866 3170 961 3233 Paria.
975 3179 1110 3250 quastus,
1122 3169 1249 3249 aaran

145 3251 264 3335 primus
281 3266 313 3315 st
324 3258 483 3333 secundus,
499 3257 609 3319 aldim
622 3256 753 3337 Taylori.
774 3277 868 3320 nessa.

171 3361 173 3367 '
231 3339 264 3398 P·
279 3344 352 3407 387.
364 3361 394 3401 v·
407 3346 459 3408 27.
478 3338 582 3424 institi
597 3377 636 3390 -
651 3338 723 3416 τούς
741 3337 873 3422 ὅρκους]
897 3341 1055 3420 Negotium
1076 3337 1265 3411 condendas·

147 3421 230 3505 pacis
250 3423 375 3485 Athenis
398 3446 467 3487 cuut
486 3429 589 3506 legatis
604 3426 736 3507 Philippi
755 3428 832 3489 illuc
851 3426 950 3489 missis
970 3436 1000 3486 et
1018 3424 1251 3493 commitenda-

147 3527 217 3568 rum
237 3506 447 3572 conditionum
462 3522 511 3588 ct,
524 3511 623 3571 brevis
639 3522 677 3571 ut
690 3513 757 3587 sim,
778 3532 973 3594 qtsaecunquo
987 3509 1112 3569 Athenis
1131 3507 1252 3573 condici

147 3601 179 3653 et
197 3595 300 3674 peragi
319 3593 379 3655 hoc
397 3597 429 3658 in
449 3597 568 3675 negotio
590 3606 748 3677 poterant,
768 3597 868 3656 omnia
888 3605 1008 3676 peracta
1029 3605 1060 3655 ot
1082 3594 1168 3653 finita
1184 3612 1252 3652 etun

105 3744 107 3749 ,
148 3687 263 3756 ment,
281 3690 318 3739 ut
336 3680 414 3743 nihil
429 3690 554 3755 maturet
568 3691 686 3762 lsraeter
697 3681 790 3760 ipsius
803 3680 936 3759 Philippi
952 3679 1190 3739 testificationem
1206 3676 1252 3739 sui

149 3780 285 3825 assensus
311 3787 364 3827 seu
385 3763 647 3841 ratihabitionem,
671 3777 701 3826 et
717 3765 806 3842 togati
826 3764 960 3845 Philippi
976 3785 1046 3825 cum
1059 3764 1096 3824 ab
1107 3764 1181 3823 urbe
1193 3764 1252 3823 iam
1311 3758 1314 3767 ’

147 3850 280 3928 proiecti
303 3860 401 3911 essent
422 3871 492 3923 cum
517 3852 654 3929 exemplo
674 3852 820 3910 ioristulaa
836 3851 926 3952 pacis
938 3872 957 3908 a
969 3850 1056 3909 nobis
1075 3847 1253 3931 iuratisiidt

60 3993 63 4000 ,
148 3943 237 4038 atqup
250 3936 395 4014 religiono
415 3945 519 3996 nostra
536 3937 721 3997 coniismato.
741 3932 812 4012 τούς
824 3931 945 4016 κίρκους
966 3928 1123 4015 λαβόντες,
1137 3932 1254 3995 scilicet

148 4040 209 4100 παρ
242 4018 338 4101 ἡμῶν.
360 4041 455 4081 aner.
981 4084 984 4089 ,

232 4106 457 4172 1‘.387.v.27.
479 4100 567 4186 αὕτη]
590 4098 701 4209 [αὐτοὶ]
722 4105 754 4164 F.
777 4099 872 4184 αὕτη,
893 4103 977 4162 haec.
1000 4122 1100 4163 wonr.
1117 4101 1151 4159 h'.
1167 4094 1253 4179 ostien.

149 4206 324 4251 nnuman.
346 4191 432 4271 Vuig.
454 4185 540 4271 αὐτοὶ.
562 4194 656 4254 αυτοῦ
668 4195 723 4255 τοῦ
738 4183 941 4271 Φιλοκράτους
957 4190 1081 4267 August.
1094 4186 1252 4246 secundus·

149 4290 245 4332 aaran.
943 4280 950 4290 '
