2774 4740
385 263 443 324 sn
472 262 599 325 onir.
625 253 717 326 eno
743 250 954 331 conone.
1154 272 1220 344 sss

121 452 211 511 gnere
222 431 347 514 placnlt.
368 431 481 494 Eodem
496 433 586 495 modo
603 432 778 494 distinctum
789 433 823 493 in
835 432 930 514 priori
945 423 1220 501 lllunderlichiena.¹

121 520 158 578 ln
171 516 332 600 posteriori
342 526 413 597 post
423 517 625 599 ’πεποιημένοι
645 519 778 598 positum
798 518 916 595 signum
930 520 1132 597 exclsmsndi,
1149 530 1221 604 poet

120 602 276 689 γενομένης
288 611 448 682 punctum.
476 604 613 663 Reiskius
627 611 769 683 posuerat
782 601 846 661 illic
860 611 1024 683 punctum,
1038 603 1090 664 hic
1101 606 1221 685 signum

121 689 193 748 coli.
214 687 249 746 ln
263 687 449 747 Bekkerians
463 688 530 746 illic
543 697 587 747 est
597 686 795 767 hypostigme,
810 685 862 744 hic
875 697 1033 767 punctum.
1059 689 1146 751 Tales
1160 692 1221 751 nri·
1336 685 1338 689 ⁷

121 774 412 833 nutiasenotsntem
430 771 541 833 leniter
563 774 677 850 ferent,
697 771 749 851 qni
773 772 1025 852 interpunctionis
1036 784 1220 844 momentum

123 858 196 917 satis
213 857 413 937 pensitarunt.
434 876 591 932 santerre.
1039 888 1042 895 ·
1154 869 1157 879 '

73 992 76 997 -
207 959 240 1016 P.
254 960 327 1024 295.
341 977 371 1017 v.
385 957 434 1024 15.
460 953 655 1039 ἔμπροσθεν]
681 950 797 1038 πρόσθε
809 953 1085 1037 Dionysiannmsx.
1113 958 1222 1043 ipsos.

124 1049 184 1106 aar
197 1042 327 1101 Bekker.
339 1042 389 1122 qai
404 1062 474 1101 cum
486 1043 609 1102 emrdcm
621 1043 749 1102 formam
764 1039 799 1100 in
812 1042 883 1100 cod.
896 1042 1054 1121 reperisset
1067 1064 1133 1125 pag.
1149 1038 1223 1124 2575

125 1131 187 1203 14„
203 1147 264 1185 raon
280 1126 415 1186 adscivit.
429 1126 567 1186 Formam
582 1130 601 1188 ν
617 1125 701 1187 finali
716 1134 865 1185 carentem
880 1147 943 1184 non
956 1126 1061 1187 tulerit
1073 1128 1224 1190 Lobecktss

124 1232 175 1287 ns,
191 1231 280 1292 quem
294 1232 323 1270 v.
338 1211 376 1270 ad
389 1211 552 1291 Phrynich.
569 1232 637 1291 pag.
652 1214 724 1277 284.
738 1232 761 1268 s.
789 1210 848 1270 Sed
870 1210 919 1270 vir
940 1210 1073 1290 egregius
1087 1213 1225 1294 culpavit

126 1296 207 1377 qnod
221 1296 408 1356 liban-imum
424 1307 498 1356 esta
514 1297 610 1376 culpa.
642 1296 667 1354 E
686 1293 808 1372 tragicis
829 1295 948 1374 quidem
968 1296 1066 1377 patris
1084 1306 1164 1357 certa
1177 1298 1225 1357 ci*-

125 1380 203 1439 tavit
220 1382 357 1461 exempla
371 1380 514 1463 Matthiae
527 1380 664 1461 Euripid.
677 1380 710 1438 Τ.
725 1378 790 1437 Vll.
804 1398 834 1459 p.
849 1380 921 1445 507.
940 1380 1024 1453 Quae
1035 1380 1062 1439 si
1075 1382 1148 1460 quid
1164 1382 1225 1442 duss

126 1465 281 1524 bitationis
295 1465 476 1545 relinquant,
501 1462 638 1548 (fortasse
653 1463 732 1524 enim
747 1482 834 1542 neges
848 1462 875 1544 *)
898 1464 979 1523 idem
999 1465 1079 1543 quod
1101 1465 1163 1525 illis
1182 1466 1224 1525 li-

129 1551 225 1609 cuisse
241 1550 386 1631 prosaicis
398 1546 636 1631 scriptoribus‚)
655 1559 686 1608 at
702 1562 763 1607 non
782 1548 960 1627 relinquunt
975 1550 1112 1630 exempla
1128 1550 1226 1611 comi:

55 1696 58 1701 ,
128 1654 241 1694 corum.
262 1634 338 1693 Vide
351 1633 721 1716 Aristophan.·Equit.·22.
735 1635 808 1692 Bon.
827 1634 898 1699 285.
913 1638 986 1701 286.
1007 1652 1166 1695 scamma.
1217 1642 1238 1663 “·

212 1736 244 1794 Ρ·
256 1736 328 1803 295·
342 1756 372 1796 l·
386 1742 435 1804 13·
459 1737 601 1817 Θηβαίων
615 1734 667 1798 καὶ
680 1728 775 1818 παρ’ἆ]
805 1733 842 1793 In
854 1733 992 1814 Dionysii
1003 1734 1090 1796 libris
1103 1736 1226 1811 excide?
1331 1692 1335 1697 ι
1358 1720 1361 1725 ’

126 1824 203 1880 runt·
215 1819 253 1878 ob
267 1819 537 1881 homoeoteleuton.
558 1838 715 1879 sennem,
1024 1840 1027 1845 .

213 1922 245 1982 Ρ.
259 1923 331 1987 295.
343 1943 373 1982 v.
384 1926 435 1988 20.
450 1917 904 2009 γεγενημένων][γενομὲνων.]γ
937 1919 1090 2003 ενημὶνων
1096 1910 1238 2006 ῦιιοΙρΒ.

128 2003 257 2064 vindob.
272 2007 536 2087 lieg.a.Altemps.
551 2027 681 2067 cernon.
707 2006 796 2084 Vulg.
815 2028 884 2088 γενο
922 2030 993 2069 νων.
1021 2006 1228 2093 γεγνννγγιένων.
1321 2000 1331 2013 ’

129 2089 253 2169 August.
263 2091 380 2171 primus
397 2101 427 2151 et
440 2101 571 2171 quartus.
593 2090 726 2151 Praetuli
740 2088 954 2171 γεγενημένων.
970 2111 1067 2152 amer.
1088 2094 1158 2154 Non
1172 2093 1229 2153 de·

127 2175 196 2233 buit
211 2177 373 2256 praeferre.
398 2175 569 2258 γενομένων
589 2176 715 2234 Beklrer.
743 2174 794 2233 Sic
814 2175 902 2233 etiam
918 2174 1089 2255 Dionysius.
1113 2178 1150 2237 V.
1164 2187 1227 2239 not.

129 2259 168 2317 ad
180 2281 210 2339 p.
223 2264 297 2336 293,
316 2265 364 2327 18.
395 2259 526 2320 Omnino
539 2260 679 2321 Reiskius
690 2259 749 2319 hoc
760 2258 928 2341 perfectum
943 2268 1022 2319 amat
1033 2260 1174 2343 perdite.¹
1189 2260 1228 2325 Ὺ.

128 2352 193 2403 not.
206 2344 286 2427 adp.
300 2350 373 2422 237,
386 2352 438 2412 23.
459 2365 617 2407 scnmrnn.
857 2368 861 2375 ·
976 2360 982 2369 ·

214 2446 246 2506 Ρ.
262 2448 335 2514 295.
346 2469 376 2508 v.
390 2451 441 2513 20.
462 2441 532 2529 παρ’
545 2439 641 2511 ου’τοῦ
650 2441 727 2527 rosi]
756 2442 846 2525 vulg.
861 2438 945 2528 nasci
959 2447 1023 2508 rosi.
1047 2439 1118 2532 παρ’
1133 2439 1230 2513 crivoti
1248 2516 1255 2527 ‚

130 2534 188 2592 rosi
198 2530 321 2610 August.
332 2532 489 2609 secundus,
501 2533 580 2613 quod
591 2530 730 2612 praetuli.
761 2529 917 2590 Gradatim
930 2531 1097 2612 procedite
1109 2531 1230 2593 Theba-

130 2613 178 2673 nis
189 2615 223 2675 vi
232 2617 417 2697 pollentibus
430 2617 469 2676 ad
480 2610 728 2677 Lacedaemonios
742 2613 839 2676 multo
853 2615 1055 2697 potentiores,
1080 2615 1177 2678 abhis
1190 2614 1231 2679 sd

129 2696 231 2781 ipsum
242 2722 341 2783 regem
354 2703 510 2762 Persarum
524 2704 618 2761 multo
638 2699 879 2782 potentissimum
896 2695 986 2780 atque
1000 2702 1229 2767 ferocissimum.

74 2838 79 2849 .
130 2804 227 2847 neven.
248 2782 332 2870 nand
341 2791 397 2850 rori
413 2788 586 2867 Dionysius.
615 2784 704 2860 Quod
722 2784 797 2845 bene
817 2784 951 2845 restituit
963 2784 1090 2847 Bekker.
1121 2787 1230 2867 Augu-

132 2870 211 2929 stani
227 2870 302 2931 hhri
322 2871 473 2952 scriptura
494 2873 576 2932 unde
596 2869 758 2947 exstiterit,
786 2870 876 2929 docet
898 2869 1015 2930 Bestius
1033 2872 1229 2935 commentat.

129 2952 342 3036 Palaeograph.
355 2978 386 3037 p.
399 2959 472 3024 705.
496 2956 582 3016 Plato
595 2956 685 3033 Gorg.
707 2976 737 3034 p.
754 2951 827 3020 ΞΜ.
839 2954 948 3013 Heind.
969 2950 1020 3016 dcci
1043 2952 1098 3019 τόν
1117 2951 1231 3038 norica·

131 3062 190 3101 νιν.
210 3040 325 3100 Eodem
340 3062 399 3141 ‹puo
415 3041 467 3100 ille
482 3041 671 3119 Augustanus
683 3039 759 3098 vitio
778 3039 894 3117 aliquot
906 3037 1083 3117 Philosophi
1094 3039 1165 3099 hhri
1179 3034 1232 3102 deal

132 3117 224 3186 uiris
236 3122 287 3188 riv
299 3148 456 3207 πρυτανιν.
485 3126 519 3184 ln
532 3123 688 3185 Plutarchi
703 3122 807 3183 Moral.
822 3124 856 3182 T.
868 3122 891 3181 Ι.
902 3141 969 3201 pag.
985 3124 1036 3188 66.
1049 3122 1232 3201 Wyttenbe-

132 3207 220 3267 chius
237 3220 318 3269 recte
340 3209 425 3269 dedit
442 3242 482 3255 -—
498 3205 593 3290 λυγροὶ
610 3214 673 3280 τοῖς
693 3200 856 3287 χρωμένοις
875 3206 1069 3285 provulgata
1081 3216 1126 3252 -’
1137 3204 1232 3290 λυγροὶ

133 3287 236 3367 circle
247 3295 418 3399 γοωμένοις.
454 3293 635 3351 scholiastes
650 3292 689 3350 ad
701 3290 845 3349 Nicandri
858 3290 947 3350 Ther.
966 3292 1035 3356 158.
1055 3285 1178 3375 εὕρηται
1197 3288 1233 3356 dl

132 3372 201 3460 παρ’
213 3384 296 3459 αυτῷ
311 3373 476 3463 Νικᾷνδρφ
492 3388 543 3441 -’.
566 3377 663 3437 Scrib.
675 3371 757 3456 moal
769 3378 814 3459 τῷ
825 3378 864 3436 Ν.
887 3392 1045 3435 commen.
1073 3408 1077 3415 ·
1113 3398 1127 3437 .·

168 3494 172 3501 ’
216 3478 248 3536 Ρ.
265 3479 336 3544 295.
349 3500 379 3539 v.
394 3485 445 3545 21.
471 3475 562 3560 perd]
574 3520 577 3524 -
591 3477 643 3541 soi
656 3472 729 3558 perd
747 3474 858 3535 Aldina
871 3476 1001 3555 Taylori.
1018 3494 1116 3537 urst.
1136 3475 1232 3539 Ante-

134 3581 242 3643 cedens
252 3563 337 3659 {hle
351 3587 440 3647 etiam
456 3606 542 3647 causa
556 3584 723 3667 particulae
739 3580 870 3642 adsutas.
891 3600 1050 3643 scamma.
1079 3658 1082 3663 θ

220 3684 252 3743 Ρ.
267 3688 338 3752 295.
351 3708 382 3747 v.
394 3693 446 3754 21.
467 3680 547 3751 roris?
563 3681 604 3748 dv
615 3717 658 3732 —-
675 3689 736 3748 τοῖν
746 3679 899 3765 Ἑλλήνων
911 3678 1116 3765 noosoroivos]
1150 3687 1233 3746 Dura

133 3767 240 3848 ntique
262 3780 292 3828 et
312 3771 544 3835 inconsentanea
568 3781 613 3831 est
629 3771 789 3833 sententia:
810 3768 914 3828 datum
926 3767 986 3851 hoc
1000 3766 1117 3829 civitati
1129 3771 1234 3829 fuisset

134 3852 167 3911 in
182 3854 294 3932 gratiae
307 3864 337 3914 et
351 3857 487 3917 beneficii
499 3860 585 3932 loco,
606 3864 641 3915 ut
660 3856 723 3935 regi
741 3850 899 3914 Persarum
921 3862 972 3911 aut
999 3854 1168 3933 cuicunque
1181 3852 1233 3913 alii

135 3938 270 3998 serviret.
298 3942 455 4002 Serviendi
474 3942 633 4001 necessitas
645 3942 782 4021 profecto
797 3936 883 4018 nulla
902 3946 947 3996 est
965 3939 1059 4014 gratis
1072 3958 1166 4017 neque
1181 3938 1233 3998 in·
1258 4010 1263 4018 ,

136 4021 277 4102 dulgente
289 4027 421 4106 roganti:
437 4046 525 4086 nomo
540 4024 619 4085 onim
632 4042 695 4085 eam
709 4035 803 4105 rogat.
825 4022 883 4083 Sed
897 4021 940 4081 sic
955 4021 1103 4084 debuisset
1117 4018 1232 4085 dictum

136 4212 351 4235 u—h--n-

172 4326 196 4396 'i
213 4330 275 4385 Fuit
289 4350 348 4386 earn
361 4333 563 4403 ipssnegsrem.
580 4332 734 4390 V.1ad.sd
744 4332 853 4386 Honor.
865 4327 960 4400 Odyss.
975 4344 1004 4396 p·
1016 4327 1077 4384 179.
1093 4344 1233 4385 erasme.

174 4441 274 4495 Annot.
288 4444 329 4497 od
343 4442 482 4496 Demo-seh.
506 4443 538 4496 T.
553 4445 589 4507 ῙῙ,
993 4434 1018 4493 S
