2774 4740
141 215 207 287 sso
384 169 418 315 ,Α
484 209 861 302 snnorerionrs
986 228 989 233 ·

226 383 260 446 Ρ.
272 386 344 452 879.
359 403 390 445 v.
404 383 436 452 6.
447 375 608 467 τριήρων]
636 378 805 446 Behkerus:
826 430 845 463 ,,
851 384 983 467 τριηρῶν
1004 360 1038 444 Ρ.
1052 383 1082 443 8.
1095 382 1132 444 Y.
1145 380 1247 457 18.-811

143 489 302 533 wmarus.
1032 496 1035 501 >

228 572 261 634 Ρ.
275 575 347 638 879.
361 588 394 633 r.
407 575 438 638 6.
459 566 624 654 ν’μετόρων]
645 551 798 652 ἦμιτὲμων
812 571 938 651 August.
951 569 1109 631 secundus.
1129 586 1227 627 snat.

144 676 147 681 '
228 673 260 733 Ρ.
275 676 348 739 879.
364 691 395 733 v.
408 676 438 739 6.
461 671 544 765 ἐκεῖ]
574 661 871 735 circshiacedonihm
893 682 924 734 et
944 672 1118 747 Thraciam,
1141 679 1195 730 ant
1214 666 1249 727 iri

144 755 214 820 sinu
226 755 358 837 Pylaico.
379 777 478 830 ossen.

198 904 200 915 .
228 857 262 920 Ρ.
274 862 347 926 879.
361 879 392 923 v.
405 863 438 931 7·
459 855 502 943 μι]
527 852 567 944 oo'
591 851 715 943 χρόνῳ]
746 852 814 922 doci
834 862 893 923 ιοιῖ
913 859 942 924 εἰ
960 855 1003 941 μα]
1023 852 1132 942 χρόνω.
1148 877 1248 935 noer.

138 940 227 1027 *idern
246 945 309 1005 fere
330 944 494 1005 adnotatur
515 943 550 1005 in
568 943 700 1022 margine
711 943 855 1024 Altemps.
868 964 1000 1004 sareon.
1024 965 1089 1004 non
1101 921 1248 1004 henefieio

143 1027 299 1108 temporis,
313 1027 346 1089 h.
362 1050 390 1090 e.
400 1029 459 1089 alia
475 1028 606 1109 quadam
619 1028 671 1099 ria
684 1029 817 1107 conanti,
839 1050 902 1088 non
913 1028 1113 1089 diuturnitate
1128 1037 1249 1107 tempo-

143 1112 187 1174 r'is
202 1132 297 1191 neque
312 1111 475 1174 obsidione.
489 1133 586 1175 nessr.
607 1112 746 1185 Rectius:
770 1112 829 1173 nisi
851 1113 1048 1174 diuturnitate
1069 1123 1100 1172 et
1113 1111 1248 1171 obsidio·

144 1217 194 1256 ne.
225 1198 385 1259 Formulse
401 1199 464 1258 vim
478 1200 584 1281 pulcre
596 1197 752 1279 perspexit
765 1198 900 1259 Wolfius
930 1197 1031 1258 Gitana
1049 1196 1132 1258 hunc
1143 1198 1248 1257 locum

144 1280 288 1342 Matthiae
302 1282 465 1343 Grammat.
482 1285 534 1344 Gr.
549 1281 580 1364 8.
589 1289 660 1349 601.
674 1281 703 1340 1).
719 1302 749 1362 p·
758 1289 830 1350 887.
838 1280 981 1373 pubandit
993 1280 1167 1363 ληφθεῖσαι
1180 1282 1248 1340 his-

144 1366 209 1442 lim,
224 1367 250 1426 si
265 1366 339 1446 quid
354 1368 601 1442 subaudiendum,
624 1366 782 1446 quod'non
797 1376 882 1447 puto,
899 1362 1133 1448 λαμβανόμεναι.
1164 1367 1249 1439 Quae

16 1524 19 1529 Ι
144 1449 237 1511 huius
258 1451 406 1512 formulae
430 1455 565 1533 exempla
587 1452 657 1511 dedi
673 1451 772 1511 Melet
793 1453 865 1513 cn't.
878 1474 909 1531 p.
927 1456 1007 1527 108,
1022 1451 1249 1530 eorumplen's-

146 1552 205 1615 que
218 1544 356 1596 noemam
379 1537 571 1597 adamussim
584 1545 777 1615 congrueret,
796 1536 822 1594 si
844 1537 956 1596 Orator
976 1556 1034 1615 pro
1055 1536 1180 1616 χαλεπα]
1198 1539 1248 1596 λα-

145 1621 215 1702 βεῖν
228 1619 397 1699 soripsisset
416 1623 500 1702 quod
521 1623 601 1681 idem
618 1622 700 1680 valet
715 1616 771 1683 σόν
789 1615 942 1684 edituros
975 1621 1034 1680 Sed
1049 1620 1088 1680 ad
1107 1618 1249 1680 amussim

144 1705 288 1783 congruit
299 1704 409 1766 ibidem
426 1707 517 1766 citato
533 1705 692 1787 Sophoclis
705 1707 774 1765 loco
789 1704 863 1767 Oed.
880 1707 915 1766 T.
931 1709 981 1771 12.
995 1727 1034 1781 s.‚
1050 1706 1102 1765 ubi
1116 1703 1249 1764 nonfuit

145 1807 203 1849 cur
224 1790 384 1862 Elinsleias
409 1788 450 1873 μὴ
466 1786 504 1854 ori
524 1800 716 1871 suspectaret.
749 1785 933 1872 βασόλγητος
951 1791 1031 1850 enim
1055 1790 1180 1850 illiceat
1193 1791 1249 1868 qui

47 1912 49 1917 ,
146 1870 317 1951 difficulter
330 1874 376 1934 od
388 1875 629 1935 misericordiam
640 1886 793 1951 ποόνοιαν,
818 1885 852 1934 ut
866 1875 918 1933 hic
934 1871 1063 1954 χαλεπός
1077 1875 1250 1957 repetoque·
1278 1894 1283 1906 ·

52 1992 54 1997 ·
144 1955 316 2036 disfiesdter
335 1963 468 2041 capitur.
498 1961 594 2019 Simul
614 1970 737 2040 apparet
757 1955 800 2039 pp*
814 1954 852 2020 od
872 1968 954 2019 recte
966 1960 1050 2039 sequi
1062 1958 1248 2018 enuntiatio·-

145 2059 216 2101 nem
231 2043 366 2103 rientem.
401 2046 476 2105 Nom
488 2045 529 2120 si,
552 2045 633 2124 quod
650 2045 840 2105 Hermonnns
855 2044 892 2103 dc
909 2043 1067 2124 Sophoclis
1083 2045 1152 2102 loco
1170 2043 1248 2102 scri-

145 2127 215 2206 psit,
238 2129 401 2188 contendes
416 2130 602 2207 negationem
616 2131 709 2189 latere
725 2130 758 2187 in
768 2129 1016 2209 praecedentibus
1029 2129 1138 2203 verbis,
1156 2129 1248 2208 quip-

144 2230 184 2293 pe
204 2205 389 2294 δωσόλγηιος
406 2209 444 2277 ἄν
461 2214 526 2294 ε”νην
544 2234 607 2274 ease
630 2209 688 2278 οωίι
710 2208 750 2275 ἂν
769 2214 835 2293 εἴην
857 2214 1019 2294 οἰκτίρμων
1037 2214 1138 2294 (quod
1159 2232 1245 2290 nego,

145 2295 230 2378 aliud
246 2306 290 2355 est
303 2298 382 2358 enim
397 2294 596 2382 θυσόλγηιος,
614 2299 697 2358 aliud
709 2292 912 2380 ἀ’νόλγησος),
932 2299 1076 2358 nimirum
1088 2298 1174 2357 nulla
1188 2318 1248 2355 non

32 2410 34 2415 ·
61 2468 65 2475 ³
146 2380 314 2440 enuntiatio
338 2380 430 2442 aiens
444 2384 585 2445 latentem
602 2383 636 2444 in
654 2405 685 2442 se
703 2382 891 2462 negationem
911 2383 1059 2459 continet,
1085 2381 1249 2462 siquidem

147 2465 333 2526 contrarium
350 2469 395 2527 rei
410 2469 580 2527 enuntiatae
595 2469 686 2527 tollit
710 2487 865 2527 sumeres.

231 2566 263 2624 P·
277 2550 349 2632 879.
360 2588 391 2629 ο.
405 2574 435 2635 8.
456 2570 485 2631 εἰ
496 2566 553 2652 ydp
564 2600 608 2616 -
623 2563 747 2653 όριθμῷ
753 2573 764 2643 ]
799 2566 924 2628 lesndi
935 2566 1011 2627 haec
1023 2565 1248 2648 interpretantis
1328 2624 1330 2629 .

144 2668 279 2711 errorem
295 2651 351 2711 vix
373 2652 548 2715 cred1hilem
569 2660 656 2715 notat
679 2653 827 2713 Weiskius
848 2653 886 2713 de
906 2650 1039 2732 Hyperb.
1061 2651 1110 2712 111.
1130 2672 1199 2732 pag.
1219 2652 1247 2717 5.

144 2753 306 2795 somerrn.

230 2836 263 2896 P.
276 2839 348 2902 379.
362 2856 392 2896 v·
408 2843 457 2906 10.
487 2832 686 2922 pertonsus]
730 2840 908 2920 μααοιῑσθι
935 2836 1058 2917 August
1088 2834 1248 2897 secundus.

143 2925 242 3011 unser.
263 2920 366 2980 Malim
376 2918 574 3004 μειόθοισθε.
602 2944 761 2985 senseras.

230 3021 263 3083 P·
276 3027 348 3091 879.
360 3046 390 3085 v.
407 3033 456 3092 11.
478 3022 700 3108 ἐξομόσασθαι]
725 3016 1052 3106 [ἐξομολογήσασθαι]
1076 3021 1141 3103 [Ita
1161 3021 1246 3101 Ald]

143 3102 318 3184 tegendum
332 3105 553 3190 ἐξομόσασθαι,
573 3123 607 3172 ut
622 3121 665 3175 est
678 3111 854 3172 adnotatum
871 3106 922 3190 [in
938 3108 1021 3167 MSS.
1035 3106 1135 3187 Ald.].
1149 3127 1248 3166 wore.

127 3221 131 3228 ·
144 3188 199 3251 Sic
215 3194 349 3254 correxit
361 3196 565 3256 Weimaranus
580 3198 722 3258 vitiosum
736 3186 1033 3274 ἐξομολογήσασθαι,
1059 3193 1141 3272 quod
1156 3200 1201 3252 est
1216 3190 1249 3250 in

144 3273 266 3335 Aldina.
290 3277 422 3339 Praefert
438 3281 588 3360 vulgatam
598 3281 726 3340 Woliius
740 3297 866 3357 quoquc,
883 3285 913 3337 et
928 3286 973 3335 est
987 3277 1089 3335 eadem
1102 3277 1135 3336 in
1148 3275 1250 3337 indice

132 3356 214 3418 ¹Ald.
229 3381 325 3422 nster.
353 3364 487 3425 Eandem
504 3367 671 3447 scripturae
690 3357 893 3424 diversitatem
912 3360 1065 3420 Bekkerue
1085 3361 1198 3441 reperit
1218 3382 1248 3441 p.

146 3446 219 3520 878,
237 3450 286 3512 18.
300 3446 400 3526 idque,
415 3449 498 3530 quod
510 3450 635 3526 mireris,
651 3450 684 3508 in
695 3449 774 3509 libro
785 3447 874 3508 notis
886 3445 1024 3524 optimae.
1048 3465 1207 3505 senseras.
1335 3469 1337 3472 ⁴

232 3548 350 3615 18879.
367 3557 461 3614 v-rt.
483 3547 524 3631 μὴ
538 3541 599 3629 μετ’
613 3549 710 3622 αἰτίας
727 3542 833 3627 τινός]
863 3547 926 3604 nisi
954 3555 1026 3602 seret
1048 3567 1117 3613 cum
1133 3568 1249 3606 causa-

147 3633 236 3691 tione.
257 3631 385 3694 Attende
400 3633 463 3695 vim
483 3633 645 3712 negativae,
661 3654 719 3712 qua
736 3630 869 3696 conditio
883 3628 1043 3690 indicatur.
1068 3651 1228 3693 seruatus.

104 3784 105 3788 ,
230 3721 262 3800 Ρ·
280 3739 352 3800 879.
366 3757 396 3795 v.
410 3741 460 3802 18.
486 3737 521 3800 Ti
535 3734 644 3818 λέγειςς
658 3726 931 3815 -νιρεσβεόεις;.]
962 3733 1075 3813 Nempe
1097 3730 1173 3791 haec
1192 3751 1250 3790 ne-

29 3876 34 3885 ,
146 3837 196 3876 mo
214 3837 276 3877 non
293 3819 429 3880 dicturus
443 3830 507 3881 erat
518 3819 669 3896 Aeschini,
683 3820 711 3881 εἰ
726 3814 768 3899 μή
783 3810 844 3899 μετ’
858 3817 956 3890 αἰτίας
974 3813 1054 3891 τινός
1067 3810 1248 3896 ἐξωμόσατο.

144 3920 307 3966 efflueret.

175 4050 178 4057 ‹
230 4005 264 4064 Ρ.
281 4009 353 4071 879.
365 4025 398 4067 v.
410 4011 459 4073 12.
480 4011 612 4077 τοσαιίσα
629 4003 682 4067 καὶ
697 4003 877 4084 τηλικαῦτα]
905 4004 964 4064 Pro
985 4005 1147 4082 τηλικαῦτα
1158 3975 1250 4062 hahet

146 4092 270 4151 τοιαῦτα
281 4111 383 4170 margo
401 4091 572 4152 Lutetianae
586 4089 855 4150 siuesuotoritate.
884 4091 1046 4169 τηλικωῦια
1057 4085 1109 4148 καὶ
1125 4091 1252 4148 τοιαῦτα

147 4169 270 4252 August.
285 4176 412 4255 primus.
427 4197 523 4237 artu.
552 4178 715 4257 ιηλιιιαῦσα
729 4172 782 4236 καὶ
794 4167 908 4237 τοιαῦτ’
922 4173 1047 4232 Bekker.
1067 4190 1228 4230 souuerse.

232 4276 263 4335 Ρ.
281 4280 352 4346 879.
366 4301 395 4340 v.
409 4284 458 4346 18.
479 4275 622 4362 βαδίζοις]
639 4276 777 4359 βαδίζειν
792 4274 920 4354 August.
930 4271 1057 4377 primus,
1077 4272 1131 4334 sed
1145 4293 1166 4336 e
1176 4293 1251 4335 cor-
