<?xml version="1.0" encoding="UTF-8"?>
<!DOCTYPE html PUBLIC "-//W3C//DTD XHTML 1.0 Transitional//EN"
    "http://www.w3.org/TR/xhtml1/DTD/xhtml1-transitional.dtd">
<html xmlns="http://www.w3.org/1999/xhtml" xml:lang="en" lang="en">
 <head>
  <title>
</title>
<meta http-equiv="Content-Type" content="text/html;charset=utf-8" />
  <meta name='ocr-system' content='tesseract 3.04.00' />
  <meta name='ocr-capabilities' content='ocr_page ocr_carea ocr_par ocr_line ocrx_word'/>
</head>
<body>
  <div class='ocr_page' id='page_1' title='image "./demosthenisquae00schgoog_0434.png"; bbox 0 0 2774 4740; ppageno 0'>
   <div class='ocr_carea' id='block_1_1' title="bbox 141 202 937 317">
    <p class='ocr_par' dir='ltr' id='par_1_1' title="bbox 141 202 937 317">
     <span class='ocr_line' id='line_1_1' title="bbox 141 202 937 317; baseline -0.008 -24"><span class='ocrx_word' id='word_1_1' title='bbox 141 238 206 313; x_wconf 67' lang='lat' dir='ltr'><strong>,est</strong></span> <span class='ocrx_word' id='word_1_2' title='bbox 275 202 284 227; x_wconf 89' lang='grc'><strong>’</strong></span> <span class='ocrx_word' id='word_1_3' title='bbox 504 206 937 317; x_wconf 72' lang='lat' dir='ltr'><strong>sunorsrtoun&#39;s·</strong></span> 
     </span>
    </p>
   </div>
   <div class='ocr_carea' id='block_1_2' title="bbox 34 401 1277 2091">
    <p class='ocr_par' dir='ltr' id='par_1_2' title="bbox 39 401 1277 1499">
     <span class='ocr_line' id='line_1_2' title="bbox 39 401 1231 485; baseline 0 -21"><span class='ocrx_word' id='word_1_4' title='bbox 39 436 42 441; x_wconf 95' lang='lat'>·</span> <span class='ocrx_word' id='word_1_5' title='bbox 71 406 74 411; x_wconf 84' lang='lat'>&#39;</span> <span class='ocrx_word' id='word_1_6' title='bbox 144 403 280 464; x_wconf 80' lang='lat' dir='ltr'><strong>dsntshus</strong></span> <span class='ocrx_word' id='word_1_7' title='bbox 294 402 376 485; x_wconf 70' lang='grc' dir='ltr'><strong><em>εἴπεο</em></strong></span> <span class='ocrx_word' id='word_1_8' title='bbox 389 402 555 463; x_wconf 88' lang='lat' dir='ltr'><strong>tollendum</strong></span> <span class='ocrx_word' id='word_1_9' title='bbox 572 412 643 463; x_wconf 73' lang='lat' dir='ltr'><strong>esse</strong></span> <span class='ocrx_word' id='word_1_10' title='bbox 662 401 792 478; x_wconf 82' lang='lat' dir='ltr'><strong>Fecerit,</strong></span> <span class='ocrx_word' id='word_1_11' title='bbox 815 404 867 483; x_wconf 90' lang='lat' dir='ltr'><strong>qui</strong></span> <span class='ocrx_word' id='word_1_12' title='bbox 881 403 979 479; x_wconf 78' lang='lat' dir='ltr'><strong>volet,</strong></span> <span class='ocrx_word' id='word_1_13' title='bbox 995 424 1050 484; x_wconf 89' lang='lat' dir='ltr'><strong>per</strong></span> <span class='ocrx_word' id='word_1_14' title='bbox 1061 425 1108 464; x_wconf 89' lang='lat' dir='ltr'><strong>me</strong></span> <span class='ocrx_word' id='word_1_15' title='bbox 1121 404 1231 467; x_wconf 76' lang='lat' dir='ltr'><strong>licebit.</strong></span> 
     </span>
     <span class='ocr_line' id='line_1_3' title="bbox 144 489 1277 570; baseline 0 -21"><span class='ocrx_word' id='word_1_16' title='bbox 144 490 196 549; x_wconf 78' lang='lat' dir='ltr'><strong>sn</strong></span> <span class='ocrx_word' id='word_1_17' title='bbox 212 508 331 566; x_wconf 66' lang='lat' dir='ltr'><strong>pravom</strong></span> <span class='ocrx_word' id='word_1_18' title='bbox 347 498 451 547; x_wconf 82' lang='lat' dir='ltr'><strong>temen·</strong></span> <span class='ocrx_word' id='word_1_19' title='bbox 468 509 587 548; x_wconf 86' lang='lat' dir='ltr'><strong>causam</strong></span> <span class='ocrx_word' id='word_1_20' title='bbox 603 489 718 548; x_wconf 84' lang='lat' dir='ltr'><strong>nullam</strong></span> <span class='ocrx_word' id='word_1_21' title='bbox 738 509 837 548; x_wconf 89' lang='lat' dir='ltr'><strong>cerno.</strong></span> <span class='ocrx_word' id='word_1_22' title='bbox 864 489 1032 548; x_wconf 74' lang='lat' dir='ltr'><strong>&#39;causantur</strong></span> <span class='ocrx_word' id='word_1_23' title='bbox 1055 491 1083 552; x_wconf 81' lang='lat' dir='ltr'><strong>sl</strong></span> <span class='ocrx_word' id='word_1_24' title='bbox 1094 510 1232 570; x_wconf 84' lang='lat' dir='ltr'><strong>praeces·</strong></span> <span class='ocrx_word' id='word_1_25' title='bbox 1270 497 1277 505; x_wconf 82' lang='lat'><strong>&#39;</strong></span> 
     </span>
     <span class='ocr_line' id='line_1_4' title="bbox 144 573 1233 655; baseline -0.001 -21"><span class='ocrx_word' id='word_1_26' title='bbox 144 574 231 634; x_wconf 87' lang='lat' dir='ltr'><strong>sisse:</strong></span> <span class='ocrx_word' id='word_1_27' title='bbox 245 573 288 633; x_wconf 87' lang='lat' dir='ltr'><strong>sie</strong></span> <span class='ocrx_word' id='word_1_28' title='bbox 299 573 359 633; x_wconf 90' lang='lat' dir='ltr'><strong>hoc</strong></span> <span class='ocrx_word' id='word_1_29' title='bbox 369 594 622 653; x_wconf 79' lang='lat' dir='ltr'><strong>supervacaneum</strong></span> <span class='ocrx_word' id='word_1_30' title='bbox 632 573 707 633; x_wconf 81' lang='lat' dir='ltr'><strong>tisri.</strong></span> <span class='ocrx_word' id='word_1_31' title='bbox 730 574 822 646; x_wconf 77' lang='lat' dir='ltr'><strong>Quasi</strong></span> <span class='ocrx_word' id='word_1_32' title='bbox 833 592 895 632; x_wconf 89' lang='lat' dir='ltr'><strong>non</strong></span> <span class='ocrx_word' id='word_1_33' title='bbox 905 574 1022 634; x_wconf 85' lang='lat' dir='ltr'><strong>Tullius</strong></span> <span class='ocrx_word' id='word_1_34' title='bbox 1035 595 1154 654; x_wconf 83' lang='lat' dir='ltr'><strong>quoque</strong></span> <span class='ocrx_word' id='word_1_35' title='bbox 1167 574 1233 655; x_wconf 87' lang='lat' dir='ltr'><strong>pari</strong></span> 
     </span>
     <span class='ocr_line' id='line_1_5' title="bbox 143 656 1233 739; baseline -0.005 -18"><span class='ocrx_word' id='word_1_36' title='bbox 143 658 232 721; x_wconf 74' lang='lat' dir='ltr'><strong>nodo</strong></span> <span class='ocrx_word' id='word_1_37' title='bbox 253 661 282 715; x_wconf 83' lang='lat' dir='ltr'><strong>si</strong></span> <span class='ocrx_word' id='word_1_38' title='bbox 302 658 436 717; x_wconf 83' lang='lat' dir='ltr'><strong>iteraret:</strong></span> <span class='ocrx_word' id='word_1_39' title='bbox 459 658 574 718; x_wconf 70' lang='lat' dir='ltr'><strong>Eodem</strong></span> <span class='ocrx_word' id='word_1_40' title='bbox 585 662 619 716; x_wconf 82' lang='lat' dir='ltr'><strong>io</strong></span> <span class='ocrx_word' id='word_1_41' title='bbox 631 656 736 736; x_wconf 72' lang='lat' dir='ltr'><strong>gradu</strong></span> <span class='ocrx_word' id='word_1_42' title='bbox 751 661 781 716; x_wconf 87' lang='lat' dir='ltr'><strong>ei</strong></span> <span class='ocrx_word' id='word_1_43' title='bbox 792 680 879 739; x_wconf 76' lang='lat' dir='ltr'><strong>quem</strong></span> <span class='ocrx_word' id='word_1_44' title='bbox 892 679 946 718; x_wconf 69' lang='lat' dir='ltr'><strong>vos</strong></span> <span class='ocrx_word' id='word_1_45' title='bbox 958 661 1176 717; x_wconf 68' lang='lat' dir='ltr'><strong>collocaverim</strong></span> <span class='ocrx_word' id='word_1_46' title='bbox 1190 688 1233 706; x_wconf 88' lang='lat'><strong>···</strong></span> 
     </span>
     <span class='ocr_line' id='line_1_6' title="bbox 144 742 1232 821; baseline 0.001 -20"><span class='ocrx_word' id='word_1_47' title='bbox 144 745 172 801; x_wconf 82' lang='lat' dir='ltr'><strong>ie</strong></span> <span class='ocrx_word' id='word_1_48' title='bbox 186 745 322 799; x_wconf 78' lang='lat' dir='ltr'><strong>oninium</strong></span> <span class='ocrx_word' id='word_1_49' title='bbox 336 746 365 799; x_wconf 84' lang='lat' dir='ltr'><strong>ei</strong></span> <span class='ocrx_word' id='word_1_50' title='bbox 381 742 534 802; x_wconf 79' lang='lat' dir='ltr'><strong>induxerit</strong></span> <span class='ocrx_word' id='word_1_51' title='bbox 548 778 597 802; x_wconf 91' lang='lat'><strong>—.</strong></span> <span class='ocrx_word' id='word_1_52' title='bbox 619 743 729 821; x_wconf 68' lang='lat' dir='ltr'><strong>Ecquis</strong></span> <span class='ocrx_word' id='word_1_53' title='bbox 741 753 794 817; x_wconf 90' lang='lat' dir='ltr'><strong>est,</strong></span> <span class='ocrx_word' id='word_1_54' title='bbox 819 743 870 820; x_wconf 80' lang='lat' dir='ltr'><strong>qui</strong></span> <span class='ocrx_word' id='word_1_55' title='bbox 883 742 963 801; x_wconf 83' lang='lat' dir='ltr'><strong>hanc</strong></span> <span class='ocrx_word' id='word_1_56' title='bbox 974 743 1150 802; x_wconf 78' lang='lat' dir='ltr'><strong>latinitatem</strong></span> <span class='ocrx_word' id='word_1_57' title='bbox 1163 745 1232 803; x_wconf 86' lang='lat' dir='ltr'><strong>cul-</strong></span> 
     </span>
     <span class='ocr_line' id='line_1_7' title="bbox 142 827 1232 907; baseline 0.002 -22"><span class='ocrx_word' id='word_1_58' title='bbox 142 827 215 906; x_wconf 88' lang='lat' dir='ltr'><strong>pet&#39;l</strong></span> <span class='ocrx_word' id='word_1_59' title='bbox 238 827 335 886; x_wconf 84' lang='lat' dir='ltr'><strong>cuins·</strong></span> <span class='ocrx_word' id='word_1_60' title='bbox 350 828 486 906; x_wconf 81' lang='lat' dir='ltr'><strong>exenspln</strong></span> <span class='ocrx_word' id='word_1_61' title='bbox 505 836 683 887; x_wconf 85' lang='lat' dir='ltr'><strong>sexcentena</strong></span> <span class='ocrx_word' id='word_1_62' title='bbox 704 848 794 907; x_wconf 86' lang='lat' dir='ltr'><strong>penes</strong></span> <span class='ocrx_word' id='word_1_63' title='bbox 808 828 937 886; x_wconf 85' lang='lat' dir='ltr'><strong>Tullium</strong></span> <span class='ocrx_word' id='word_1_64' title='bbox 949 838 1094 907; x_wconf 75' lang='lat' dir='ltr'><strong>prostant.</strong></span> <span class='ocrx_word' id='word_1_65' title='bbox 1117 827 1232 901; x_wconf 82' lang='lat' dir='ltr'><strong>Quosn-</strong></span> 
     </span>
     <span class='ocr_line' id='line_1_8' title="bbox 143 910 1233 991; baseline 0 -20"><span class='ocrx_word' id='word_1_66' title='bbox 143 931 231 990; x_wconf 84' lang='lat' dir='ltr'><strong>quam</strong></span> <span class='ocrx_word' id='word_1_67' title='bbox 249 910 369 991; x_wconf 83' lang='lat' dir='ltr'><strong>plsnius</strong></span> <span class='ocrx_word' id='word_1_68' title='bbox 384 911 488 989; x_wconf 86' lang='lat' dir='ltr'><strong>utique</strong></span> <span class='ocrx_word' id='word_1_69' title='bbox 503 913 546 971; x_wconf 88' lang='lat' dir='ltr'><strong>sic</strong></span> <span class='ocrx_word' id='word_1_70' title='bbox 560 913 692 973; x_wconf 85' lang='lat' dir='ltr'><strong>dicatur:</strong></span> <span class='ocrx_word' id='word_1_71' title='bbox 714 911 831 987; x_wconf 73' lang='lat' dir='ltr'><strong>Eodem⁸</strong></span> <span class='ocrx_word' id='word_1_72' title='bbox 843 916 877 970; x_wconf 84' lang='grc' dir='ltr'><strong>ιἰι</strong></span> <span class='ocrx_word' id='word_1_73' title='bbox 887 911 993 991; x_wconf 78' lang='lat' dir='ltr'><strong>grado</strong></span> <span class='ocrx_word' id='word_1_74' title='bbox 1003 936 1027 970; x_wconf 81' lang='lat' dir='ltr'><strong><em>a</em></strong></span> <span class='ocrx_word' id='word_1_75' title='bbox 1035 914 1122 975; x_wconf 71' lang='lat' dir='ltr'><strong>vodis</strong></span> <span class='ocrx_word' id='word_1_76' title='bbox 1137 915 1233 971; x_wconf 85' lang='lat' dir='ltr'><strong>eollo·</strong></span> 
     </span>
     <span class='ocr_line' id='line_1_9' title="bbox 143 989 1232 1085; baseline 0.002 -30"><span class='ocrx_word' id='word_1_77' title='bbox 143 1008 232 1055; x_wconf 81' lang='lat' dir='ltr'><strong>cutus</strong></span> <span class='ocrx_word' id='word_1_78' title='bbox 245 1028 288 1042; x_wconf 90' lang='lat'>-</span> <span class='ocrx_word' id='word_1_79' title='bbox 302 998 332 1053; x_wconf 86' lang='lat' dir='ltr'><strong>si</strong></span> <span class='ocrx_word' id='word_1_80' title='bbox 354 1000 424 1075; x_wconf 80' lang='lat' dir='ltr'><strong>quis</strong></span> <span class='ocrx_word' id='word_1_81' title='bbox 444 1000 581 1069; x_wconf 72' lang='lat' dir='ltr'><strong>minume</strong></span> <span class='ocrx_word' id='word_1_82' title='bbox 598 996 751 1057; x_wconf 76' lang='lat' dir='ltr'><strong>induxerit</strong></span> <span class='ocrx_word' id='word_1_83' title='bbox 761 1029 813 1069; x_wconf 68' lang='lat'><strong>7-.</strong></span> <span class='ocrx_word' id='word_1_84' title='bbox 836 989 923 1070; x_wconf 75' lang='grc' dir='ltr'><strong><em>οὗτος</em></strong></span> <span class='ocrx_word' id='word_1_85' title='bbox 940 996 1071 1077; x_wconf 88' lang='lat' dir='ltr'><strong>primum</strong></span> <span class='ocrx_word' id='word_1_86' title='bbox 1091 999 1137 1085; x_wconf 67' lang='lat' dir='ltr'><strong>nd¹</strong></span> <span class='ocrx_word' id='word_1_87' title='bbox 1146 998 1232 1057; x_wconf 89' lang='lat' dir='ltr'><strong>illum</strong></span> 
     </span>
     <span class='ocr_line' id='line_1_10' title="bbox 143 1079 1233 1161; baseline 0.002 -22"><span class='ocrx_word' id='word_1_88' title='bbox 143 1080 389 1155; x_wconf 77' lang='lat' dir='ltr'><strong>commentitium,</strong></span> <span class='ocrx_word' id='word_1_89' title='bbox 404 1079 629 1160; x_wconf 84' lang='lat' dir='ltr'><strong>hypotheticum</strong></span> <span class='ocrx_word' id='word_1_90' title='bbox 640 1081 791 1141; x_wconf 88' lang='lat' dir='ltr'><strong>hominem</strong></span> <span class='ocrx_word' id='word_1_91' title='bbox 803 1082 941 1156; x_wconf 79' lang='lat' dir='ltr'><strong>refertur,</strong></span> <span class='ocrx_word' id='word_1_92' title='bbox 954 1082 1100 1161; x_wconf 71' lang='lat' dir='ltr'><strong>posterius</strong></span> <span class='ocrx_word' id='word_1_93' title='bbox 1116 1082 1154 1149; x_wconf 78' lang='lat' dir='ltr'><strong>ad</strong></span> <span class='ocrx_word' id='word_1_94' title='bbox 1171 1082 1233 1141; x_wconf 77' lang='lat' dir='ltr'><strong>Ae·</strong></span> 
     </span>
     <span class='ocr_line' id='line_1_11' title="bbox 141 1162 1232 1245; baseline 0.003 -23"><span class='ocrx_word' id='word_1_95' title='bbox 141 1162 283 1241; x_wconf 80' lang='lat' dir='ltr'><strong>solsinem.</strong></span> <span class='ocrx_word' id='word_1_96' title='bbox 305 1164 514 1225; x_wconf 80' lang='lat' dir='ltr'><strong>Verumtamen</strong></span> <span class='ocrx_word' id='word_1_97' title='bbox 529 1166 655 1245; x_wconf 79' lang='lat' dir='ltr'><strong>nequid</strong></span> <span class='ocrx_word' id='word_1_98' title='bbox 669 1166 860 1240; x_wconf 73' lang='lat' dir='ltr'><strong>dissimulem,</strong></span> <span class='ocrx_word' id='word_1_99' title='bbox 878 1167 986 1225; x_wconf 87' lang='lat' dir='ltr'><strong>durum</strong></span> <span class='ocrx_word' id='word_1_100' title='bbox 996 1167 1109 1244; x_wconf 86' lang='lat' dir='ltr'><strong>utique,</strong></span> <span class='ocrx_word' id='word_1_101' title='bbox 1124 1175 1159 1225; x_wconf 93' lang='lat' dir='ltr'><strong>ut</strong></span> <span class='ocrx_word' id='word_1_102' title='bbox 1176 1187 1232 1225; x_wconf 88' lang='lat' dir='ltr'><strong>su-</strong></span> 
     </span>
     <span class='ocr_line' id='line_1_12' title="bbox 141 1242 1233 1331; baseline 0.002 -24"><span class='ocrx_word' id='word_1_103' title='bbox 141 1248 225 1308; x_wconf 89' lang='lat' dir='ltr'><strong>ribus</strong></span> <span class='ocrx_word' id='word_1_104' title='bbox 241 1249 361 1308; x_wconf 86' lang='lat' dir='ltr'><strong>insuave</strong></span> <span class='ocrx_word' id='word_1_105' title='bbox 374 1269 481 1319; x_wconf 85' lang='lat' dir='ltr'><strong>sonans</strong></span> <span class='ocrx_word' id='word_1_106' title='bbox 495 1251 578 1331; x_wconf 77' lang='grc' dir='ltr'><strong><em>εἴπερ</em></strong></span> <span class='ocrx_word' id='word_1_107' title='bbox 594 1243 695 1327; x_wconf 61' lang='lat' dir='ltr'><strong>ositos,</strong></span> <span class='ocrx_word' id='word_1_108' title='bbox 716 1246 816 1331; x_wconf 77' lang='lat' dir='ltr'><strong>domo</strong></span> <span class='ocrx_word' id='word_1_109' title='bbox 831 1242 934 1326; x_wconf 77' lang='grc' dir='ltr'><strong><em>οὗτος,</em></strong></span> <span class='ocrx_word' id='word_1_110' title='bbox 955 1250 1000 1308; x_wconf 83' lang='lat' dir='ltr'><strong>ita</strong></span> <span class='ocrx_word' id='word_1_111' title='bbox 1016 1251 1108 1309; x_wconf 88' lang='lat' dir='ltr'><strong>menti</strong></span> <span class='ocrx_word' id='word_1_112' title='bbox 1121 1251 1233 1309; x_wconf 87' lang='lat' dir='ltr'><strong>accidit</strong></span> 
     </span>
     <span class='ocr_line' id='line_1_13' title="bbox 141 1327 1232 1414; baseline -0.002 -19"><span class='ocrx_word' id='word_1_113' title='bbox 141 1332 202 1411; x_wconf 81' lang='lat' dir='ltr'><strong>hoc</strong></span> <span class='ocrx_word' id='word_1_114' title='bbox 217 1332 386 1410; x_wconf 77' lang='lat' dir='ltr'><strong>ambiguum</strong></span> <span class='ocrx_word' id='word_1_115' title='bbox 400 1344 429 1391; x_wconf 88' lang='lat' dir='ltr'><strong>et</strong></span> <span class='ocrx_word' id='word_1_116' title='bbox 443 1335 549 1409; x_wconf 79' lang='lat' dir='ltr'><strong>fallax,</strong></span> <span class='ocrx_word' id='word_1_117' title='bbox 565 1345 600 1395; x_wconf 89' lang='lat' dir='ltr'><strong>ut</strong></span> <span class='ocrx_word' id='word_1_118' title='bbox 620 1327 707 1408; x_wconf 84' lang='grc' dir='ltr'><strong><em>ούτος</em></strong></span> <span class='ocrx_word' id='word_1_119' title='bbox 727 1336 761 1393; x_wconf 92' lang='lat' dir='ltr'><strong>in</strong></span> <span class='ocrx_word' id='word_1_120' title='bbox 779 1344 863 1395; x_wconf 84' lang='lat' dir='ltr'><strong>tanta</strong></span> <span class='ocrx_word' id='word_1_121' title='bbox 876 1334 1149 1414; x_wconf 75' lang='lat' dir='ltr'><strong>propinquitatede</strong></span> <span class='ocrx_word' id='word_1_122' title='bbox 1167 1336 1232 1393; x_wconf 87' lang='lat' dir='ltr'><strong>aliis</strong></span> 
     </span>
     <span class='ocr_line' id='line_1_14' title="bbox 143 1414 1232 1499; baseline 0.002 -24"><span class='ocrx_word' id='word_1_123' title='bbox 143 1426 231 1497; x_wconf 87' lang='lat' dir='ltr'><strong>atque</strong></span> <span class='ocrx_word' id='word_1_124' title='bbox 247 1414 313 1489; x_wconf 83' lang='lat' dir='ltr'><strong>eliis¹</strong></span> <span class='ocrx_word' id='word_1_125' title='bbox 327 1416 494 1499; x_wconf 79' lang='lat' dir='ltr'><strong>usurpetur.</strong></span> <span class='ocrx_word' id='word_1_126' title='bbox 523 1419 650 1479; x_wconf 68' lang='lat' dir='ltr'><strong>Suetius</strong></span> <span class='ocrx_word' id='word_1_127' title='bbox 675 1419 780 1498; x_wconf 87' lang='lat' dir='ltr'><strong>utique</strong></span> <span class='ocrx_word' id='word_1_128' title='bbox 801 1429 920 1479; x_wconf 88' lang='lat' dir='ltr'><strong>sonaret</strong></span> <span class='ocrx_word' id='word_1_129' title='bbox 932 1419 1108 1498; x_wconf 85' lang='lat' dir='ltr'><strong>molliusque</strong></span> <span class='ocrx_word' id='word_1_130' title='bbox 1122 1440 1232 1499; x_wconf 88' lang='lat' dir='ltr'><strong>procc-</strong></span> 
     </span>
    </p>

    <p class='ocr_par' dir='ltr' id='par_1_3' title="bbox 34 1494 1233 2091">
     <span class='ocr_line' id='line_1_15' title="bbox 34 1494 1233 1584; baseline 0.003 -25"><span class='ocrx_word' id='word_1_131' title='bbox 34 1564 37 1571; x_wconf 67' lang='grc'>,</span> <span class='ocrx_word' id='word_1_132' title='bbox 63 1568 66 1573; x_wconf 51' lang='grc'><em>,</em></span> <span class='ocrx_word' id='word_1_133' title='bbox 143 1500 227 1560; x_wconf 89' lang='lat' dir='ltr'><strong>deret</strong></span> <span class='ocrx_word' id='word_1_134' title='bbox 241 1500 335 1560; x_wconf 88' lang='lat' dir='ltr'><strong>oratio</strong></span> <span class='ocrx_word' id='word_1_135' title='bbox 350 1500 409 1578; x_wconf 91' lang='lat' dir='ltr'><strong>sic,</strong></span> <span class='ocrx_word' id='word_1_136' title='bbox 434 1496 492 1565; x_wconf 65' lang='grc' dir='ltr'><strong>ἐἷθ’</strong></span> <span class='ocrx_word' id='word_1_137' title='bbox 503 1494 589 1578; x_wconf 77' lang='grc' dir='ltr'><strong><em>οὗτος</em></strong></span> <span class='ocrx_word' id='word_1_138' title='bbox 607 1498 778 1584; x_wconf 75' lang='grc' dir='ltr'><strong><em>ἐβουλήθη,</em></strong></span> <span class='ocrx_word' id='word_1_139' title='bbox 804 1502 920 1563; x_wconf 83' lang='lat' dir='ltr'><strong>omissis</strong></span> <span class='ocrx_word' id='word_1_140' title='bbox 935 1503 994 1563; x_wconf 88' lang='lat' dir='ltr'><strong>illis</strong></span> <span class='ocrx_word' id='word_1_141' title='bbox 1015 1504 1109 1563; x_wconf 78' lang='lat' dir='ltr'><strong>tribus</strong></span> <span class='ocrx_word' id='word_1_142' title='bbox 1124 1524 1233 1583; x_wconf 90' lang='lat' dir='ltr'><strong>super·</strong></span> 
     </span>
     <span class='ocr_line' id='line_1_16' title="bbox 141 1578 1233 1671; baseline 0.002 -27"><span class='ocrx_word' id='word_1_143' title='bbox 141 1586 279 1663; x_wconf 80' lang='lat' dir='ltr'><strong>vacaneis</strong></span> <span class='ocrx_word' id='word_1_144' title='bbox 291 1587 463 1671; x_wconf 75' lang='lat' dir='ltr'><strong>vocabulis,</strong></span> <span class='ocrx_word' id='word_1_145' title='bbox 484 1588 574 1669; x_wconf 77' lang='grc' dir='ltr'><strong>εἴπερ,</strong></span> <span class='ocrx_word' id='word_1_146' title='bbox 594 1578 806 1669; x_wconf 74' lang='grc' dir='ltr'><strong>ὄσπερούτος.</strong></span> <span class='ocrx_word' id='word_1_147' title='bbox 825 1607 920 1647; x_wconf 76' lang='lat' dir='ltr'><strong>neser.</strong></span> <span class='ocrx_word' id='word_1_148' title='bbox 935 1578 1030 1646; x_wconf 83' lang='lat' dir='ltr'><strong>&#39;Nihil</strong></span> <span class='ocrx_word' id='word_1_149' title='bbox 1050 1587 1178 1667; x_wconf 81' lang='lat' dir='ltr'><strong>ambigui</strong></span> <span class='ocrx_word' id='word_1_150' title='bbox 1199 1588 1233 1646; x_wconf 89' lang='lat' dir='ltr'><strong>in</strong></span> 
     </span>
     <span class='ocr_line' id='line_1_17' title="bbox 141 1660 1233 1753; baseline 0.002 -24"><span class='ocrx_word' id='word_1_151' title='bbox 141 1670 250 1733; x_wconf 76' lang='lat' dir='ltr'><strong>iterato</strong></span> <span class='ocrx_word' id='word_1_152' title='bbox 265 1660 457 1750; x_wconf 74' lang='lat' dir='ltr'><strong>pronomine,</strong></span> <span class='ocrx_word' id='word_1_153' title='bbox 483 1690 550 1732; x_wconf 88' lang='lat' dir='ltr'><strong>cum</strong></span> <span class='ocrx_word' id='word_1_154' title='bbox 566 1693 686 1731; x_wconf 89' lang='lat' dir='ltr'><strong>sensum</strong></span> <span class='ocrx_word' id='word_1_155' title='bbox 701 1671 877 1753; x_wconf 78' lang='lat' dir='ltr'><strong>posterioris</strong></span> <span class='ocrx_word' id='word_1_156' title='bbox 891 1664 1052 1751; x_wconf 56' lang='lat' dir='ltr'><strong>odientem</strong></span> <span class='ocrx_word' id='word_1_157' title='bbox 1067 1689 1129 1730; x_wconf 83' lang='lat' dir='ltr'><strong>vox</strong></span> <span class='ocrx_word' id='word_1_158' title='bbox 1144 1693 1233 1750; x_wconf 83' lang='lat' dir='ltr'><strong>quam</strong></span> 
     </span>
     <span class='ocr_line' id='line_1_18' title="bbox 143 1754 1232 1834; baseline 0.001 -20"><span class='ocrx_word' id='word_1_159' title='bbox 143 1754 253 1832; x_wconf 75' lang='lat' dir='ltr'><strong>digitus</strong></span> <span class='ocrx_word' id='word_1_160' title='bbox 271 1754 314 1813; x_wconf 89' lang='lat' dir='ltr'><strong>sic</strong></span> <span class='ocrx_word' id='word_1_161' title='bbox 328 1755 450 1831; x_wconf 87' lang='lat' dir='ltr'><strong>indicet,</strong></span> <span class='ocrx_word' id='word_1_162' title='bbox 469 1758 600 1817; x_wconf 89' lang='lat' dir='ltr'><strong>utnulla</strong></span> <span class='ocrx_word' id='word_1_163' title='bbox 614 1757 761 1816; x_wconf 89' lang='lat' dir='ltr'><strong>dubitatio</strong></span> <span class='ocrx_word' id='word_1_164' title='bbox 779 1757 975 1834; x_wconf 81' lang='lat' dir='ltr'><strong>relinquatur.</strong></span> <span class='ocrx_word' id='word_1_165' title='bbox 995 1756 1095 1834; x_wconf 78' lang='lat' dir='ltr'><strong>Neque</strong></span> <span class='ocrx_word' id='word_1_166' title='bbox 1108 1755 1232 1815; x_wconf 79' lang='lat' dir='ltr'><strong>aurrhus</strong></span> 
     </span>
     <span class='ocr_line' id='line_1_19' title="bbox 141 1834 1231 1919; baseline 0.003 -18"><span class='ocrx_word' id='word_1_167' title='bbox 141 1837 364 1901; x_wconf 75' lang='lat' dir='ltr'><strong>Atheniensium</strong></span> <span class='ocrx_word' id='word_1_168' title='bbox 379 1840 540 1909; x_wconf 84' lang='lat' dir='ltr'><strong>iniucunda</strong></span> <span class='ocrx_word' id='word_1_169' title='bbox 557 1839 701 1901; x_wconf 71' lang='lat' dir='ltr'><strong>futtulis</strong></span> <span class='ocrx_word' id='word_1_170' title='bbox 721 1841 848 1901; x_wconf 84' lang='lat' dir='ltr'><strong>iteratio.</strong></span> <span class='ocrx_word' id='word_1_171' title='bbox 874 1834 981 1903; x_wconf 78' lang='grc' dir='ltr'><strong><em>τούτου</em></strong></span> <span class='ocrx_word' id='word_1_172' title='bbox 994 1844 1101 1902; x_wconf 70' lang='grc' dir='ltr'><strong><em>τούτου</em></strong></span> <span class='ocrx_word' id='word_1_173' title='bbox 1115 1860 1145 1919; x_wconf 83' lang='grc' dir='ltr'><strong>μ.</strong></span> <span class='ocrx_word' id='word_1_174' title='bbox 1157 1847 1231 1915; x_wconf 86' lang='grc'><strong>773,</strong></span> 
     </span>
     <span class='ocr_line' id='line_1_20' title="bbox 142 1916 1232 2009; baseline -0.002 -21"><span class='ocrx_word' id='word_1_175' title='bbox 142 1929 193 1989; x_wconf 80' lang='grc'><strong>28.</strong></span> <span class='ocrx_word' id='word_1_176' title='bbox 211 1929 284 1998; x_wconf 87' lang='grc'><strong>796,</strong></span> <span class='ocrx_word' id='word_1_177' title='bbox 301 1930 328 1988; x_wconf 90' lang='grc'><strong>1.</strong></span> <span class='ocrx_word' id='word_1_178' title='bbox 345 1919 441 2009; x_wconf 75' lang='grc' dir='ltr'><strong><em>τούτῳ</em></strong></span> <span class='ocrx_word' id='word_1_179' title='bbox 454 1959 497 1995; x_wconf 66' lang='grc' dir='ltr'><strong>-τ</strong></span> <span class='ocrx_word' id='word_1_180' title='bbox 509 1929 617 1989; x_wconf 80' lang='grc' dir='ltr'><strong><em>τοῦτον</em></strong></span> <span class='ocrx_word' id='word_1_181' title='bbox 631 1949 660 2007; x_wconf 89' lang='lat' dir='ltr'><strong>p.</strong></span> <span class='ocrx_word' id='word_1_182' title='bbox 675 1930 747 2001; x_wconf 84' lang='grc'><strong>797,</strong></span> <span class='ocrx_word' id='word_1_183' title='bbox 761 1931 812 1991; x_wconf 73' lang='grc'><strong>99.</strong></span> <span class='ocrx_word' id='word_1_184' title='bbox 827 1919 937 1988; x_wconf 78' lang='grc' dir='ltr'><strong><em>τούτου</em></strong></span> <span class='ocrx_word' id='word_1_185' title='bbox 949 1916 1045 2009; x_wconf 69' lang='grc' dir='ltr'><strong><em>τούτῳ</em></strong></span> <span class='ocrx_word' id='word_1_186' title='bbox 1060 1929 1170 2005; x_wconf 66' lang='lat' dir='ltr'><strong>peto,</strong></span> <span class='ocrx_word' id='word_1_187' title='bbox 1179 1930 1232 1992; x_wconf 80' lang='lat'><strong>28.</strong></span> 
     </span>
     <span class='ocr_line' id='line_1_21' title="bbox 141 2006 839 2091; baseline -0.003 -20"><span class='ocrx_word' id='word_1_188' title='bbox 141 2006 219 2071; x_wconf 73' lang='lat' dir='ltr'><strong>sale.</strong></span> <span class='ocrx_word' id='word_1_189' title='bbox 229 2008 329 2069; x_wconf 84' lang='lat' dir='ltr'><strong>Melet.</strong></span> <span class='ocrx_word' id='word_1_190' title='bbox 347 2008 418 2069; x_wconf 86' lang='lat' dir='ltr'><strong>Csit.</strong></span> <span class='ocrx_word' id='word_1_191' title='bbox 430 2031 460 2091; x_wconf 89' lang='lat' dir='ltr'><strong>p.</strong></span> <span class='ocrx_word' id='word_1_192' title='bbox 477 2017 546 2079; x_wconf 80' lang='grc'><strong>133.</strong></span> <span class='ocrx_word' id='word_1_193' title='bbox 567 2028 723 2071; x_wconf 74' lang='lat' dir='ltr'><strong>comesse.</strong></span> <span class='ocrx_word' id='word_1_194' title='bbox 833 2033 839 2049; x_wconf 92' lang='lat'><strong>·</strong></span> 
     </span>
    </p>
   </div>
   <div class='ocr_carea' id='block_1_3' title="bbox 62 2109 1232 2294">
    <p class='ocr_par' dir='ltr' id='par_1_4' title="bbox 62 2109 1232 2309">
     <span class='ocr_line' id='line_1_22' title="bbox 62 2109 992 2191; baseline -0.009 -14"><span class='ocrx_word' id='word_1_195' title='bbox 62 2154 69 2166; x_wconf 80' lang='lat'><strong>·</strong></span> <span class='ocrx_word' id='word_1_196' title='bbox 145 2148 148 2153; x_wconf 95' lang='lat'>·</span> <span class='ocrx_word' id='word_1_197' title='bbox 223 2111 257 2170; x_wconf 82' lang='grc' dir='ltr'><strong>Ρ.</strong></span> <span class='ocrx_word' id='word_1_198' title='bbox 268 2114 341 2177; x_wconf 84' lang='grc'><strong>860.</strong></span> <span class='ocrx_word' id='word_1_199' title='bbox 351 2117 423 2177; x_wconf 62' lang='lat' dir='ltr'><strong>md·</strong></span> <span class='ocrx_word' id='word_1_200' title='bbox 444 2109 560 2191; x_wconf 72' lang='grc' dir='ltr'><strong>ἔαυτόν]</strong></span> <span class='ocrx_word' id='word_1_201' title='bbox 583 2109 676 2175; x_wconf 78' lang='grc' dir='ltr'><strong><em>αύτύυ</em></strong></span> <span class='ocrx_word' id='word_1_202' title='bbox 688 2112 814 2170; x_wconf 81' lang='lat' dir='ltr'><strong>Beklaer.</strong></span> <span class='ocrx_word' id='word_1_203' title='bbox 836 2130 992 2170; x_wconf 70' lang='lat' dir='ltr'><strong>senenses.</strong></span> 
     </span>
     <span class='ocr_line' id='line_1_23' title="bbox 225 2211 1232 2294; baseline 0 -23"><span class='ocrx_word' id='word_1_204' title='bbox 225 2213 257 2271; x_wconf 84' lang='grc' dir='ltr'><strong>Ρ.</strong></span> <span class='ocrx_word' id='word_1_205' title='bbox 273 2213 344 2277; x_wconf 82' lang='grc'><strong>360.</strong></span> <span class='ocrx_word' id='word_1_206' title='bbox 356 2232 386 2272; x_wconf 75' lang='lat' dir='ltr'><strong>V.</strong></span> <span class='ocrx_word' id='word_1_207' title='bbox 399 2217 428 2279; x_wconf 86' lang='lat'><strong>6.</strong></span> <span class='ocrx_word' id='word_1_208' title='bbox 449 2220 513 2287; x_wconf 82' lang='grc' dir='ltr'><strong><em>τοῖς</em></strong></span> <span class='ocrx_word' id='word_1_209' title='bbox 526 2212 665 2294; x_wconf 75' lang='grc' dir='ltr'><strong><em>ύχθροῖς]</em></strong></span> <span class='ocrx_word' id='word_1_210' title='bbox 695 2212 811 2272; x_wconf 82' lang='lat' dir='ltr'><strong>Abeunt</strong></span> <span class='ocrx_word' id='word_1_211' title='bbox 834 2234 852 2270; x_wconf 90' lang='lat' dir='ltr'><strong>a</strong></span> <span class='ocrx_word' id='word_1_212' title='bbox 867 2213 958 2273; x_wconf 82' lang='lat' dir='ltr'><strong>Paris.</strong></span> <span class='ocrx_word' id='word_1_213' title='bbox 971 2212 1084 2294; x_wconf 88' lang='lat' dir='ltr'><strong>primo,</strong></span> <span class='ocrx_word' id='word_1_214' title='bbox 1103 2211 1232 2290; x_wconf 78' lang='lat' dir='ltr'><strong>·August.</strong></span> 
     </span>
    </p>
   </div>
   <div class='ocr_carea' id='block_1_4' title="bbox 140 2296 802 2377">
    <p class='ocr_par' dir='ltr' id='par_1_5' title="bbox 140 2296 802 2377">
     <span class='ocr_line' id='line_1_24' title="bbox 140 2296 802 2377; baseline 0.002 -22"><span class='ocrx_word' id='word_1_215' title='bbox 140 2296 248 2377; x_wconf 80' lang='lat' dir='ltr'><strong>primo.</strong></span> <span class='ocrx_word' id='word_1_216' title='bbox 262 2316 359 2357; x_wconf 76' lang='lat' dir='ltr'><strong>seren.</strong></span> <span class='ocrx_word' id='word_1_217' title='bbox 382 2297 490 2357; x_wconf 86' lang='lat' dir='ltr'><strong>Omisit</strong></span> <span class='ocrx_word' id='word_1_218' title='bbox 502 2298 627 2358; x_wconf 78' lang='lat' dir='ltr'><strong>Belsker.</strong></span> <span class='ocrx_word' id='word_1_219' title='bbox 648 2318 802 2357; x_wconf 73' lang='lat' dir='ltr'><strong>eumenen</strong></span> 
     </span>
    </p>
   </div>
   <div class='ocr_carea' id='block_1_5' title="bbox 185 2408 1330 2497">
    <p class='ocr_par' dir='ltr' id='par_1_6' title="bbox 185 2408 1330 2497">
     <span class='ocr_line' id='line_1_25' title="bbox 185 2408 1330 2497; baseline -0.001 -22"><span class='ocrx_word' id='word_1_220' title='bbox 185 2442 188 2449; x_wconf 92' lang='lat'>·</span> <span class='ocrx_word' id='word_1_221' title='bbox 221 2408 256 2475; x_wconf 81' lang='lat' dir='ltr'><strong>P.</strong></span> <span class='ocrx_word' id='word_1_222' title='bbox 272 2418 344 2484; x_wconf 80' lang='lat'><strong>350.</strong></span> <span class='ocrx_word' id='word_1_223' title='bbox 355 2436 385 2474; x_wconf 79' lang='lat' dir='ltr'><strong>v.</strong></span> <span class='ocrx_word' id='word_1_224' title='bbox 401 2420 431 2480; x_wconf 86' lang='grc'><strong>7.</strong></span> <span class='ocrx_word' id='word_1_225' title='bbox 453 2409 504 2494; x_wconf 69' lang='grc' dir='ltr'><strong>ὃν]</strong></span> <span class='ocrx_word' id='word_1_226' title='bbox 527 2413 617 2476; x_wconf 82' lang='lat' dir='ltr'><strong>hbent</strong></span> <span class='ocrx_word' id='word_1_227' title='bbox 630 2438 649 2475; x_wconf 86' lang='lat' dir='ltr'><strong>s</strong></span> <span class='ocrx_word' id='word_1_228' title='bbox 661 2416 752 2477; x_wconf 88' lang='lat' dir='ltr'><strong>Paris.</strong></span> <span class='ocrx_word' id='word_1_229' title='bbox 759 2414 866 2497; x_wconf 88' lang='lat' dir='ltr'><strong>primo,</strong></span> <span class='ocrx_word' id='word_1_230' title='bbox 882 2413 1005 2493; x_wconf 79' lang='lat' dir='ltr'><strong>August.</strong></span> <span class='ocrx_word' id='word_1_231' title='bbox 1011 2415 1118 2495; x_wconf 89' lang='lat' dir='ltr'><strong>primo.</strong></span> <span class='ocrx_word' id='word_1_232' title='bbox 1135 2434 1231 2474; x_wconf 78' lang='lat' dir='ltr'><strong>nsssx.</strong></span> <span class='ocrx_word' id='word_1_233' title='bbox 1328 2474 1330 2483; x_wconf 80' lang='grc'>,</span> 
     </span>
    </p>
   </div>
   <div class='ocr_carea' id='block_1_6' title="bbox 53 2510 1296 4371">
    <p class='ocr_par' dir='ltr' id='par_1_7' title="bbox 53 2510 1296 4371">
     <span class='ocr_line' id='line_1_26' title="bbox 224 2510 1232 2595; baseline -0.003 -18"><span class='ocrx_word' id='word_1_234' title='bbox 224 2519 256 2577; x_wconf 82' lang='grc' dir='ltr'><strong>Ρ.</strong></span> <span class='ocrx_word' id='word_1_235' title='bbox 268 2520 342 2583; x_wconf 87' lang='grc'><strong>860.</strong></span> <span class='ocrx_word' id='word_1_236' title='bbox 355 2537 385 2576; x_wconf 84' lang='lat' dir='ltr'><strong>v.</strong></span> <span class='ocrx_word' id='word_1_237' title='bbox 400 2521 430 2580; x_wconf 85' lang='lat'><strong>8.</strong></span> <span class='ocrx_word' id='word_1_238' title='bbox 452 2510 490 2578; x_wconf 88' lang='grc' dir='ltr'><strong>ου’</strong></span> <span class='ocrx_word' id='word_1_239' title='bbox 506 2512 580 2595; x_wconf 74' lang='lat' dir='ltr'><strong>yolo,</strong></span> <span class='ocrx_word' id='word_1_240' title='bbox 599 2517 627 2579; x_wconf 81' lang='lat' dir='ltr'><strong>si</strong></span> <span class='ocrx_word' id='word_1_241' title='bbox 648 2510 777 2595; x_wconf 76' lang='grc' dir='ltr'><strong><em>φαύλοις</em></strong></span> <span class='ocrx_word' id='word_1_242' title='bbox 792 2539 819 2577; x_wconf 83' lang='grc' dir='ltr'><strong>κ.</strong></span> <span class='ocrx_word' id='word_1_243' title='bbox 830 2540 854 2577; x_wconf 84' lang='grc' dir='ltr'><strong>τ.</strong></span> <span class='ocrx_word' id='word_1_244' title='bbox 870 2515 918 2593; x_wconf 76' lang='grc' dir='ltr'><strong>λ]</strong></span> <span class='ocrx_word' id='word_1_245' title='bbox 946 2517 1063 2595; x_wconf 81' lang='lat' dir='ltr'><strong>huhens</strong></span> <span class='ocrx_word' id='word_1_246' title='bbox 1077 2517 1232 2575; x_wconf 83' lang='lat' dir='ltr'><strong>consentio</strong></span> 
     </span>
     <span class='ocr_line' id='line_1_27' title="bbox 139 2596 1232 2681; baseline -0.001 -20"><span class='ocrx_word' id='word_1_247' title='bbox 139 2600 278 2681; x_wconf 84' lang='lat' dir='ltr'><strong>Ulpiano,</strong></span> <span class='ocrx_word' id='word_1_248' title='bbox 295 2602 347 2681; x_wconf 86' lang='lat' dir='ltr'><strong>qui</strong></span> <span class='ocrx_word' id='word_1_249' title='bbox 360 2600 459 2679; x_wconf 88' lang='lat' dir='ltr'><strong>palam</strong></span> <span class='ocrx_word' id='word_1_250' title='bbox 476 2600 642 2677; x_wconf 84' lang='lat' dir='ltr'><strong>profitetur,</strong></span> <span class='ocrx_word' id='word_1_251' title='bbox 661 2605 749 2662; x_wconf 82' lang='grc' dir='ltr'><strong><em>τοῦτο</em></strong></span> <span class='ocrx_word' id='word_1_252' title='bbox 763 2596 795 2663; x_wconf 83' lang='lat' dir='ltr'><strong>sd</strong></span> <span class='ocrx_word' id='word_1_253' title='bbox 807 2599 918 2681; x_wconf 71' lang='grc' dir='ltr'><strong><em>χωρίου</em></strong></span> <span class='ocrx_word' id='word_1_254' title='bbox 934 2605 995 2663; x_wconf 71' lang='grc' dir='ltr'><strong>τῶν</strong></span> <span class='ocrx_word' id='word_1_255' title='bbox 1006 2596 1133 2678; x_wconf 73' lang='grc' dir='ltr'><strong><em>α’σαφοῖν</em></strong></span> <span class='ocrx_word' id='word_1_256' title='bbox 1146 2596 1232 2675; x_wconf 76' lang='grc' dir='ltr'><strong><em>εἶναι,</em></strong></span> 
     </span>
     <span class='ocr_line' id='line_1_28' title="bbox 59 2683 1231 2764; baseline 0.002 -23"><span class='ocrx_word' id='word_1_257' title='bbox 59 2696 62 2741; x_wconf 80' lang='grc' dir='ltr'>ἶ</span> <span class='ocrx_word' id='word_1_258' title='bbox 140 2696 228 2764; x_wconf 80' lang='lat' dir='ltr'><strong>etque</strong></span> <span class='ocrx_word' id='word_1_259' title='bbox 239 2686 318 2747; x_wconf 87' lang='lat' dir='ltr'><strong>illud</strong></span> <span class='ocrx_word' id='word_1_260' title='bbox 330 2684 419 2745; x_wconf 84' lang='lat' dir='ltr'><strong>etism</strong></span> <span class='ocrx_word' id='word_1_261' title='bbox 433 2684 572 2762; x_wconf 80' lang='lat' dir='ltr'><strong>atliungo,</strong></span> <span class='ocrx_word' id='word_1_262' title='bbox 593 2694 784 2763; x_wconf 83' lang='lat' dir='ltr'><strong>posteaquam</strong></span> <span class='ocrx_word' id='word_1_263' title='bbox 799 2684 861 2742; x_wconf 89' lang='lat' dir='ltr'><strong>eius</strong></span> <span class='ocrx_word' id='word_1_264' title='bbox 875 2683 1021 2744; x_wconf 85' lang='lat' dir='ltr'><strong>scholium</strong></span> <span class='ocrx_word' id='word_1_265' title='bbox 1038 2684 1231 2764; x_wconf 83' lang='lat' dir='ltr'><strong>pertractavi,</strong></span> 
     </span>
     <span class='ocr_line' id='line_1_29' title="bbox 77 2762 1232 2847; baseline -0.003 -16"><span class='ocrx_word' id='word_1_266' title='bbox 77 2818 80 2823; x_wconf 46' lang='lat'>&lt;</span> <span class='ocrx_word' id='word_1_267' title='bbox 139 2790 201 2831; x_wconf 80' lang='lat' dir='ltr'><strong>esse</strong></span> <span class='ocrx_word' id='word_1_268' title='bbox 215 2774 277 2833; x_wconf 75' lang='grc' dir='ltr'><strong>τῶν</strong></span> <span class='ocrx_word' id='word_1_269' title='bbox 294 2762 513 2847; x_wconf 78' lang='grc' dir='ltr'><strong>ύσαφεστύσυν.</strong></span> <span class='ocrx_word' id='word_1_270' title='bbox 539 2769 614 2827; x_wconf 88' lang='lat' dir='ltr'><strong>Nam</strong></span> <span class='ocrx_word' id='word_1_271' title='bbox 621 2813 631 2845; x_wconf 90' lang='lat'><strong>,</strong></span> <span class='ocrx_word' id='word_1_272' title='bbox 650 2770 788 2829; x_wconf 87' lang='lat' dir='ltr'><strong>consulto</strong></span> <span class='ocrx_word' id='word_1_273' title='bbox 801 2789 835 2827; x_wconf 86' lang='lat' dir='ltr'><strong>eo</strong></span> <span class='ocrx_word' id='word_1_274' title='bbox 850 2769 989 2847; x_wconf 86' lang='lat' dir='ltr'><strong>oraculo,</strong></span> <span class='ocrx_word' id='word_1_275' title='bbox 1006 2778 1043 2828; x_wconf 89' lang='lat' dir='ltr'><strong>nt</strong></span> <span class='ocrx_word' id='word_1_276' title='bbox 1054 2769 1152 2828; x_wconf 86' lang='lat' dir='ltr'><strong>verbis</strong></span> <span class='ocrx_word' id='word_1_277' title='bbox 1163 2778 1232 2828; x_wconf 85' lang='lat' dir='ltr'><strong>utsr</strong></span> 
     </span>
     <span class='ocr_line' id='line_1_30' title="bbox 84 2854 1044 2931; baseline -0.002 -16"><span class='ocrx_word' id='word_1_278' title='bbox 84 2888 87 2893; x_wconf 95' lang='lat'>·</span> <span class='ocrx_word' id='word_1_279' title='bbox 139 2854 334 2931; x_wconf 84' lang='lat' dir='ltr'><strong>Terentianis,</strong></span> <span class='ocrx_word' id='word_1_280' title='bbox 471 2918 473 2923; x_wconf 65' lang='grc'><em>,</em></span> <span class='ocrx_word' id='word_1_281' title='bbox 763 2904 766 2911; x_wconf 95' lang='grc'><strong>.</strong></span> <span class='ocrx_word' id='word_1_282' title='bbox 1039 2872 1044 2885; x_wconf 89' lang='grc'><em>·</em></span> 
     </span>
     <span class='ocr_line' id='line_1_31' title="bbox 325 2936 1139 3018; baseline -0.001 -20"><span class='ocrx_word' id='word_1_283' title='bbox 325 2939 469 2998; x_wconf 81' lang='lat' dir='ltr'><strong>Incertior</strong></span> <span class='ocrx_word' id='word_1_284' title='bbox 482 2958 552 2994; x_wconf 78' lang='lat' dir='ltr'><strong>eum</strong></span> <span class='ocrx_word' id='word_1_285' title='bbox 560 2938 669 3014; x_wconf 70' lang='lat' dir='ltr'><strong>¹nendo,</strong></span> <span class='ocrx_word' id='word_1_286' title='bbox 685 2958 777 3018; x_wconf 82' lang='lat' dir='ltr'><strong>quam</strong></span> <span class='ocrx_word' id='word_1_287' title='bbox 791 2936 981 3015; x_wconf 79' lang='lat' dir='ltr'><strong>dudumsui.</strong></span> <span class='ocrx_word' id='word_1_288' title='bbox 1136 2992 1139 2997; x_wconf 88' lang='lat'><strong>.</strong></span> 
     </span>
     <span class='ocr_line' id='line_1_32' title="bbox 140 3012 1234 3128; baseline 0.001 -45"><span class='ocrx_word' id='word_1_289' title='bbox 140 3043 267 3083; x_wconf 67' lang='grc' dir='ltr'><strong>αιτιοι.</strong></span> <span class='ocrx_word' id='word_1_290' title='bbox 297 3019 470 3082; x_wconf 87' lang='lat' dir='ltr'><strong>Eustathius</strong></span> <span class='ocrx_word' id='word_1_291' title='bbox 491 3021 530 3080; x_wconf 86' lang='lat' dir='ltr'><strong>sd</strong></span> <span class='ocrx_word' id='word_1_292' title='bbox 544 3022 663 3083; x_wconf 85' lang='lat' dir='ltr'><strong>Homer.</strong></span> <span class='ocrx_word' id='word_1_293' title='bbox 676 3042 744 3128; x_wconf 58' lang='lat' dir='ltr'><strong>pap.</strong></span> <span class='ocrx_word' id='word_1_294' title='bbox 758 3026 849 3089; x_wconf 80' lang='grc'><strong>1966.</strong></span> <span class='ocrx_word' id='word_1_295' title='bbox 861 3019 894 3086; x_wconf 78' lang='grc' dir='ltr'><strong>τύ</strong></span> <span class='ocrx_word' id='word_1_296' title='bbox 903 3027 1023 3101; x_wconf 80' lang='grc' dir='ltr'><strong><em>φαύλου</em></strong></span> <span class='ocrx_word' id='word_1_297' title='bbox 1036 3012 1074 3086; x_wconf 85' lang='grc' dir='ltr'><strong>ού</strong></span> <span class='ocrx_word' id='word_1_298' title='bbox 1087 3016 1185 3101; x_wconf 77' lang='grc' dir='ltr'><strong><em>μόνον</em></strong></span> <span class='ocrx_word' id='word_1_299' title='bbox 1201 3017 1234 3084; x_wconf 77' lang='lat' dir='ltr'><strong>sd</strong></span> 
     </span>
     <span class='ocr_line' id='line_1_33' title="bbox 139 3100 1233 3253; baseline -0.004 -82"><span class='ocrx_word' id='word_1_300' title='bbox 139 3102 303 3214; x_wconf 57' lang='lat' dir='ltr'><strong>sustinete,</strong></span> <span class='ocrx_word' id='word_1_301' title='bbox 317 3107 363 3213; x_wconf 72' lang='lat' dir='ltr'><strong>pic</strong></span> <span class='ocrx_word' id='word_1_302' title='bbox 374 3100 455 3203; x_wconf 70' lang='lat' dir='ltr'><strong>need</strong></span> <span class='ocrx_word' id='word_1_303' title='bbox 470 3106 670 3253; x_wconf 66' lang='lat' dir='ltr'><strong>Appoohivp·</strong></span> <span class='ocrx_word' id='word_1_304' title='bbox 692 3102 821 3212; x_wconf 58' lang='lat' dir='ltr'><strong>poprie,</strong></span> <span class='ocrx_word' id='word_1_305' title='bbox 838 3104 866 3169; x_wconf 80' lang='lat' dir='ltr'><strong>sl</strong></span> <span class='ocrx_word' id='word_1_306' title='bbox 876 3102 1007 3212; x_wconf 58' lang='grc' dir='ltr'><strong><em>ςιαύλομς</em></strong></span> <span class='ocrx_word' id='word_1_307' title='bbox 1019 3105 1105 3187; x_wconf 85' lang='grc' dir='ltr'><strong><em>ύμεῑς</em></strong></span> <span class='ocrx_word' id='word_1_308' title='bbox 1116 3109 1233 3187; x_wconf 75' lang='grc' dir='ltr'><strong><em>χρῆσθε</em></strong></span> 
     </span>
     <span class='ocr_line' id='line_1_34' title="bbox 114 3187 1232 3355; baseline -0.006 -18"><span class='ocrx_word' id='word_1_309' title='bbox 114 3290 119 3301; x_wconf 74' lang='lat'><strong>,</strong></span> <span class='ocrx_word' id='word_1_310' title='bbox 139 3187 492 3355; x_wconf 58' lang='lat' dir='ltr'><strong>illustrent.</strong></span> <span class='ocrx_word' id='word_1_311' title='bbox 505 3187 584 3334; x_wconf 65' lang='lat' dir='ltr'><strong>tt}</strong></span> <span class='ocrx_word' id='word_1_312' title='bbox 879 3188 1232 3355; x_wconf 66' lang='lat' dir='ltr'><strong>nterim:</strong></span> 
     </span>
     <span class='ocr_line' id='line_1_35' title="bbox 141 3353 1232 3441; baseline -0.003 -22"><span class='ocrx_word' id='word_1_313' title='bbox 141 3368 193 3441; x_wconf 83' lang='lat' dir='ltr'><strong>est.</strong></span> <span class='ocrx_word' id='word_1_314' title='bbox 225 3359 314 3441; x_wconf 81' lang='lat' dir='ltr'><strong>hpud</strong></span> <span class='ocrx_word' id='word_1_315' title='bbox 330 3356 558 3419; x_wconf 85' lang='lat' dir='ltr'><strong>Demosthenem</strong></span> <span class='ocrx_word' id='word_1_316' title='bbox 578 3380 641 3420; x_wconf 89' lang='lat' dir='ltr'><strong>non</strong></span> <span class='ocrx_word' id='word_1_317' title='bbox 655 3354 828 3441; x_wconf 71' lang='grc' dir='ltr'><strong><em>συμμάχοις,</em></strong></span> <span class='ocrx_word' id='word_1_318' title='bbox 851 3361 903 3419; x_wconf 90' lang='lat' dir='ltr'><strong>sed</strong></span> <span class='ocrx_word' id='word_1_319' title='bbox 920 3353 1101 3439; x_wconf 74' lang='grc' dir='ltr'><strong><em>συμβούλοις</em></strong></span> <span class='ocrx_word' id='word_1_320' title='bbox 1121 3357 1232 3435; x_wconf 76' lang='lat' dir='ltr'><strong>legitur</strong></span> 
     </span>
     <span class='ocr_line' id='line_1_36' title="bbox 139 3440 1231 3526; baseline -0.002 -22"><span class='ocrx_word' id='word_1_321' title='bbox 139 3444 171 3526; x_wconf 75' lang='lat' dir='ltr'><strong>p&#39;.</strong></span> <span class='ocrx_word' id='word_1_322' title='bbox 180 3447 298 3521; x_wconf 74' lang='lat'><strong>850,8.,</strong></span> <span class='ocrx_word' id='word_1_323' title='bbox 314 3445 352 3503; x_wconf 82' lang='lat' dir='ltr'><strong>od</strong></span> <span class='ocrx_word' id='word_1_324' title='bbox 369 3464 456 3523; x_wconf 91' lang='lat' dir='ltr'><strong>quem</strong></span> <span class='ocrx_word' id='word_1_325' title='bbox 469 3444 569 3503; x_wconf 83' lang='lat' dir='ltr'><strong>locum</strong></span> <span class='ocrx_word' id='word_1_326' title='bbox 584 3444 692 3523; x_wconf 89' lang='lat' dir='ltr'><strong>procul</strong></span> <span class='ocrx_word' id='word_1_327' title='bbox 706 3444 795 3503; x_wconf 91' lang='lat' dir='ltr'><strong>dubio</strong></span> <span class='ocrx_word' id='word_1_328' title='bbox 812 3444 944 3524; x_wconf 84' lang='lat' dir='ltr'><strong>respexit</strong></span> <span class='ocrx_word' id='word_1_329' title='bbox 957 3440 1126 3521; x_wconf 87' lang='lat' dir='ltr'><strong>quicunque</strong></span> <span class='ocrx_word' id='word_1_330' title='bbox 1140 3440 1231 3502; x_wconf 89' lang='lat' dir='ltr'><strong>huius</strong></span> 
     </span>
     <span class='ocr_line' id='line_1_37' title="bbox 141 3526 1231 3608; baseline -0.001 -20"><span class='ocrx_word' id='word_1_331' title='bbox 141 3528 359 3605; x_wconf 82' lang='lat' dir='ltr'><strong>observationis</strong></span> <span class='ocrx_word' id='word_1_332' title='bbox 379 3538 486 3603; x_wconf 46' lang='lat' dir='ltr'><strong>auctor,</strong></span> <span class='ocrx_word' id='word_1_333' title='bbox 503 3539 548 3586; x_wconf 89' lang='lat' dir='ltr'><strong>est</strong></span> <span class='ocrx_word' id='word_1_334' title='bbox 566 3549 661 3608; x_wconf 90' lang='lat' dir='ltr'><strong>neque</strong></span> <span class='ocrx_word' id='word_1_335' title='bbox 685 3529 857 3588; x_wconf 83' lang='lat' dir='ltr'><strong>verissimae</strong></span> <span class='ocrx_word' id='word_1_336' title='bbox 877 3546 972 3605; x_wconf 89' lang='lat' dir='ltr'><strong>neque</strong></span> <span class='ocrx_word' id='word_1_337' title='bbox 991 3526 1231 3605; x_wconf 77' lang='lat' dir='ltr'><strong>sapientissimae.</strong></span> 
     </span>
     <span class='ocr_line' id='line_1_38' title="bbox 140 3602 1232 3693; baseline -0.003 -20"><span class='ocrx_word' id='word_1_338' title='bbox 140 3608 239 3673; x_wconf 70' lang='lat' dir='ltr'><strong>nmen.¹</strong></span> <span class='ocrx_word' id='word_1_339' title='bbox 265 3602 345 3673; x_wconf 80' lang='lat' dir='ltr'><strong>Hse&#39;c</strong></span> <span class='ocrx_word' id='word_1_340' title='bbox 364 3632 423 3692; x_wconf 87' lang='lat' dir='ltr'><strong>que</strong></span> <span class='ocrx_word' id='word_1_341' title='bbox 443 3623 542 3672; x_wconf 88' lang='lat' dir='ltr'><strong>mente</strong></span> <span class='ocrx_word' id='word_1_342' title='bbox 558 3612 694 3672; x_wconf 84' lang='lat' dir='ltr'><strong>Reiskius</strong></span> <span class='ocrx_word' id='word_1_343' title='bbox 713 3613 881 3693; x_wconf 85' lang='lat' dir='ltr'><strong>scripserit,</strong></span> <span class='ocrx_word' id='word_1_344' title='bbox 899 3630 962 3670; x_wconf 90' lang='lat' dir='ltr'><strong>non</strong></span> <span class='ocrx_word' id='word_1_345' title='bbox 976 3610 1125 3688; x_wconf 81' lang='lat' dir='ltr'><strong>intelligo:</strong></span> <span class='ocrx_word' id='word_1_346' title='bbox 1141 3613 1232 3670; x_wconf 86' lang='lat' dir='ltr'><strong>vide-</strong></span> 
     </span>
     <span class='ocr_line' id='line_1_39' title="bbox 139 3695 1296 3778; baseline -0.004 -20"><span class='ocrx_word' id='word_1_347' title='bbox 139 3702 249 3778; x_wconf 77' lang='lat' dir='ltr'><strong>turque</strong></span> <span class='ocrx_word' id='word_1_348' title='bbox 269 3698 353 3758; x_wconf 91' lang='lat' dir='ltr'><strong>sliud</strong></span> <span class='ocrx_word' id='word_1_349' title='bbox 371 3718 459 3775; x_wconf 83' lang='lat' dir='ltr'><strong>egem</strong></span> <span class='ocrx_word' id='word_1_350' title='bbox 485 3697 647 3776; x_wconf 81' lang='lat' dir='ltr'><strong>scripsisse.</strong></span> <span class='ocrx_word' id='word_1_351' title='bbox 666 3696 844 3756; x_wconf 83' lang='lat' dir='ltr'><strong>Scholiastes</strong></span> <span class='ocrx_word' id='word_1_352' title='bbox 858 3695 991 3756; x_wconf 84' lang='lat' dir='ltr'><strong>Platonis</strong></span> <span class='ocrx_word' id='word_1_353' title='bbox 1005 3716 1035 3777; x_wconf 87' lang='lat' dir='ltr'><strong>p.</strong></span> <span class='ocrx_word' id='word_1_354' title='bbox 1051 3702 1123 3763; x_wconf 81' lang='lat'><strong>337.</strong></span> <span class='ocrx_word' id='word_1_355' title='bbox 1137 3696 1230 3755; x_wconf 85' lang='lat' dir='ltr'><strong>Bekk.</strong></span> <span class='ocrx_word' id='word_1_356' title='bbox 1292 3772 1296 3777; x_wconf 12' lang='grc' dir='ltr'><strong><em>ἦ</em></strong></span> 
     </span>
     <span class='ocr_line' id='line_1_40' title="bbox 141 3774 1232 3863; baseline -0.002 -19"><span class='ocrx_word' id='word_1_357' title='bbox 141 3783 277 3863; x_wconf 79' lang='grc' dir='ltr'><strong><em>[φαῦλος</em></strong></span> <span class='ocrx_word' id='word_1_358' title='bbox 297 3781 447 3862; x_wconf 87' lang='lat' dir='ltr'><strong>usurpat]</strong></span> <span class='ocrx_word' id='word_1_359' title='bbox 469 3781 518 3844; x_wconf 69' lang='lat' dir='ltr'><strong>eet</strong></span> <span class='ocrx_word' id='word_1_360' title='bbox 537 3776 703 3861; x_wconf 81' lang='grc' dir='ltr'><strong><em>ύπλότητος</em></strong></span> <span class='ocrx_word' id='word_1_361' title='bbox 729 3780 780 3842; x_wconf 79' lang='lat' dir='ltr'><strong>eol</strong></span> <span class='ocrx_word' id='word_1_362' title='bbox 797 3774 939 3859; x_wconf 77' lang='grc' dir='ltr'><strong><em>εύηθείας</em></strong></span> <span class='ocrx_word' id='word_1_363' title='bbox 953 3781 1169 3860; x_wconf 77' lang='grc' dir='ltr'><strong><em>Δημοσθένης·</em></strong></span> <span class='ocrx_word' id='word_1_364' title='bbox 1193 3776 1232 3843; x_wconf 83' lang='grc' dir='ltr'><strong>ού</strong></span> 
     </span>
     <span class='ocr_line' id='line_1_41' title="bbox 138 3854 1232 3950; baseline -0.005 -22"><span class='ocrx_word' id='word_1_365' title='bbox 138 3865 197 3950; x_wconf 76' lang='lat' dir='ltr'><strong>yslo</strong></span> <span class='ocrx_word' id='word_1_366' title='bbox 213 3868 242 3930; x_wconf 80' lang='grc' dir='ltr'><strong>εἰ</strong></span> <span class='ocrx_word' id='word_1_367' title='bbox 252 3865 380 3945; x_wconf 81' lang='grc' dir='ltr'><strong><em>φαύλοις</em></strong></span> <span class='ocrx_word' id='word_1_368' title='bbox 391 3854 478 3946; x_wconf 77' lang='grc' dir='ltr'><strong>ύμεῖς</strong></span> <span class='ocrx_word' id='word_1_369' title='bbox 490 3864 669 3945; x_wconf 76' lang='grc' dir='ltr'><strong><em>προστάταις</em></strong></span> <span class='ocrx_word' id='word_1_370' title='bbox 682 3868 821 3944; x_wconf 66' lang='grc' dir='ltr'><strong><em>χρῆσθα·</em></strong></span> <span class='ocrx_word' id='word_1_371' title='bbox 840 3867 908 3939; x_wconf 87' lang='lat' dir='ltr'><strong>Non</strong></span> <span class='ocrx_word' id='word_1_372' title='bbox 926 3867 1037 3925; x_wconf 86' lang='lat' dir='ltr'><strong>rectius</strong></span> <span class='ocrx_word' id='word_1_373' title='bbox 1049 3867 1232 3944; x_wconf 83' lang='lat' dir='ltr'><strong>interpreta-</strong></span> 
     </span>
     <span class='ocr_line' id='line_1_42' title="bbox 138 3949 1230 4031; baseline -0.002 -20"><span class='ocrx_word' id='word_1_374' title='bbox 138 3963 191 4011; x_wconf 90' lang='lat' dir='ltr'><strong>tur</strong></span> <span class='ocrx_word' id='word_1_375' title='bbox 202 3973 291 4031; x_wconf 88' lang='lat' dir='ltr'><strong>qusm</strong></span> <span class='ocrx_word' id='word_1_376' title='bbox 302 3950 487 4021; x_wconf 65' lang='lat' dir='ltr'><strong>Euanthius,</strong></span> <span class='ocrx_word' id='word_1_377' title='bbox 505 3950 557 4028; x_wconf 88' lang='lat' dir='ltr'><strong>qui</strong></span> <span class='ocrx_word' id='word_1_378' title='bbox 571 3970 661 4009; x_wconf 88' lang='lat' dir='ltr'><strong>sensu</strong></span> <span class='ocrx_word' id='word_1_379' title='bbox 672 3951 823 4010; x_wconf 76' lang='lat' dir='ltr'><strong>contrario</strong></span> <span class='ocrx_word' id='word_1_380' title='bbox 836 3951 986 4029; x_wconf 81' lang='lat' dir='ltr'><strong>intelligit.</strong></span> <span class='ocrx_word' id='word_1_381' title='bbox 1015 3950 1091 4009; x_wconf 88' lang='lat' dir='ltr'><strong>Vere</strong></span> <span class='ocrx_word' id='word_1_382' title='bbox 1104 3949 1230 4009; x_wconf 85' lang='lat' dir='ltr'><strong>Photius</strong></span> 
     </span>
     <span class='ocr_line' id='line_1_43' title="bbox 140 4029 1231 4119; baseline 0 -24"><span class='ocrx_word' id='word_1_383' title='bbox 140 4057 166 4095; x_wconf 91' lang='lat' dir='ltr'><strong>c.</strong></span> <span class='ocrx_word' id='word_1_384' title='bbox 180 4041 251 4102; x_wconf 79' lang='grc'><strong>469.</strong></span> <span class='ocrx_word' id='word_1_385' title='bbox 272 4031 403 4098; x_wconf 75' lang='grc' dir='ltr'><strong><em>τύποισι</em></strong></span> <span class='ocrx_word' id='word_1_386' title='bbox 417 4032 557 4116; x_wconf 77' lang='grc' dir='ltr'><strong><em>[φαῦλος]</em></strong></span> <span class='ocrx_word' id='word_1_387' title='bbox 576 4034 628 4096; x_wconf 77' lang='grc' dir='ltr'><strong>καλ</strong></span> <span class='ocrx_word' id='word_1_388' title='bbox 642 4035 880 4119; x_wconf 64' lang='lat' dir='ltr'><strong>latentemque</strong></span> <span class='ocrx_word' id='word_1_389' title='bbox 892 4037 942 4098; x_wconf 75' lang='lat' dir='ltr'><strong>sul</strong></span> <span class='ocrx_word' id='word_1_390' title='bbox 957 4029 1231 4116; x_wconf 77' lang='grc' dir='ltr'><strong><em>εύιιαταφρουήτοο,</em></strong></span> 
     </span>
     <span class='ocr_line' id='line_1_44' title="bbox 53 4112 1231 4200; baseline 0.004 -23"><span class='ocrx_word' id='word_1_391' title='bbox 53 4128 56 4134; x_wconf 91' lang='grc'><strong>’</strong></span> <span class='ocrx_word' id='word_1_392' title='bbox 119 4118 401 4200; x_wconf 69' lang='grc' dir='ltr'><strong>,όςΔημοσθὲνης</strong></span> <span class='ocrx_word' id='word_1_393' title='bbox 415 4119 418 4125; x_wconf 82' lang='grc'>’</span> <span class='ocrx_word' id='word_1_394' title='bbox 431 4112 543 4177; x_wconf 78' lang='lat' dir='ltr'><strong>Eadem</strong></span> <span class='ocrx_word' id='word_1_395' title='bbox 563 4117 652 4179; x_wconf 87' lang='lat' dir='ltr'><strong>habet</strong></span> <span class='ocrx_word' id='word_1_396' title='bbox 667 4120 836 4199; x_wconf 80' lang='lat' dir='ltr'><strong>Etymolog.</strong></span> <span class='ocrx_word' id='word_1_397' title='bbox 856 4122 894 4180; x_wconf 90' lang='lat' dir='ltr'><strong>hl.</strong></span> <span class='ocrx_word' id='word_1_398' title='bbox 912 4140 937 4179; x_wconf 82' lang='lat' dir='ltr'><strong>c·</strong></span> <span class='ocrx_word' id='word_1_399' title='bbox 953 4126 1028 4196; x_wconf 73' lang='lat'><strong>789,</strong></span> <span class='ocrx_word' id='word_1_400' title='bbox 1043 4125 1094 4184; x_wconf 75' lang='lat'><strong>47.</strong></span> <span class='ocrx_word' id='word_1_401' title='bbox 1118 4124 1231 4197; x_wconf 83' lang='grc' dir='ltr'><strong><em>φαῦλοι</em></strong></span> 
     </span>
     <span class='ocr_line' id='line_1_45' title="bbox 58 4201 1233 4285; baseline -0.003 -19"><span class='ocrx_word' id='word_1_402' title='bbox 58 4254 62 4261; x_wconf 93' lang='grc'><strong>.</strong></span> <span class='ocrx_word' id='word_1_403' title='bbox 139 4201 314 4285; x_wconf 66' lang='grc' dir='ltr'><strong><em>ἅνθρωποι,</em></strong></span> <span class='ocrx_word' id='word_1_404' title='bbox 332 4206 466 4264; x_wconf 79' lang='lat' dir='ltr'><strong>homines</strong></span> <span class='ocrx_word' id='word_1_405' title='bbox 487 4205 579 4281; x_wconf 71' lang='lat' dir='ltr'><strong>viles,</strong></span> <span class='ocrx_word' id='word_1_406' title='bbox 601 4202 639 4262; x_wconf 81' lang='lat' dir='ltr'><strong>de</strong></span> <span class='ocrx_word' id='word_1_407' title='bbox 652 4205 753 4284; x_wconf 80' lang='lat' dir='ltr'><strong>plebe,</strong></span> <span class='ocrx_word' id='word_1_408' title='bbox 775 4206 871 4284; x_wconf 86' lang='lat' dir='ltr'><strong>qualis</strong></span> <span class='ocrx_word' id='word_1_409' title='bbox 891 4215 936 4264; x_wconf 87' lang='lat' dir='ltr'><strong>est</strong></span> <span class='ocrx_word' id='word_1_410' title='bbox 951 4204 1120 4263; x_wconf 72' lang='lat' dir='ltr'><strong>Aeschines.</strong></span> <span class='ocrx_word' id='word_1_411' title='bbox 1142 4204 1233 4276; x_wconf 85' lang='lat' dir='ltr'><strong>Quod</strong></span> 
     </span>
     <span class='ocr_line' id='line_1_46' title="bbox 138 4282 1232 4371; baseline 0.003 -23"><span class='ocrx_word' id='word_1_412' title='bbox 138 4297 236 4349; x_wconf 87' lang='lat' dir='ltr'><strong>sutem</strong></span> <span class='ocrx_word' id='word_1_413' title='bbox 249 4290 393 4370; x_wconf 72' lang='lat' dir='ltr'><strong>Tsylmw</strong></span> <span class='ocrx_word' id='word_1_414' title='bbox 404 4288 537 4370; x_wconf 83' lang='lat' dir='ltr'><strong>Ulpiano</strong></span> <span class='ocrx_word' id='word_1_415' title='bbox 549 4290 737 4351; x_wconf 73' lang='lat' dir='ltr'><strong>conmntiens</strong></span> <span class='ocrx_word' id='word_1_416' title='bbox 748 4289 832 4349; x_wconf 87' lang='lat' dir='ltr'><strong>huuc</strong></span> <span class='ocrx_word' id='word_1_417' title='bbox 842 4291 942 4349; x_wconf 85' lang='lat' dir='ltr'><strong>locum</strong></span> <span class='ocrx_word' id='word_1_418' title='bbox 955 4289 1036 4349; x_wconf 83' lang='lat' dir='ltr'><strong>inter</strong></span> <span class='ocrx_word' id='word_1_419' title='bbox 1053 4289 1147 4371; x_wconf 77' lang='grc' dir='ltr'><strong><em>χωρία</em></strong></span> <span class='ocrx_word' id='word_1_420' title='bbox 1159 4282 1232 4351; x_wconf 76' lang='lat' dir='ltr'><strong>doe·</strong></span> 
     </span>
    </p>
   </div>
   <div class='ocr_carea' id='block_1_7' title="bbox 0 0 1392 4740">
    <p class='ocr_par' dir='ltr' id='par_1_8' title="bbox 0 0 1392 4740">
     <span class='ocr_line' id='line_1_47' title="bbox 0 0 1392 4740; baseline 0 1"><span class='ocrx_word' id='word_1_421' title='bbox 0 0 1392 4740; x_wconf 95' lang='lat' dir='ltr'><strong> </strong></span> 
     </span>
    </p>
   </div>
  </div>
 </body>
</html>
