<?xml version="1.0" encoding="UTF-8"?>
<!DOCTYPE html PUBLIC "-//W3C//DTD XHTML 1.0 Transitional//EN"
    "http://www.w3.org/TR/xhtml1/DTD/xhtml1-transitional.dtd">
<html xmlns="http://www.w3.org/1999/xhtml" xml:lang="en" lang="en">
 <head>
  <title>
</title>
<meta http-equiv="Content-Type" content="text/html;charset=utf-8" />
  <meta name='ocr-system' content='tesseract 3.04.00' />
  <meta name='ocr-capabilities' content='ocr_page ocr_carea ocr_par ocr_line ocrx_word'/>
</head>
<body>
  <div class='ocr_page' id='page_1' title='image "./demosthenisquae00schgoog_0009.png"; bbox 0 0 2774 4740; ppageno 0'>
   <div class='ocr_carea' id='block_1_1' title="bbox 102 224 984 307">
    <p class='ocr_par' dir='ltr' id='par_1_1' title="bbox 102 224 984 307">
     <span class='ocr_line' id='line_1_1' title="bbox 102 224 984 307; baseline -0.002 -5"><span class='ocrx_word' id='word_1_1' title='bbox 102 224 106 232; x_wconf 85' lang='grc'><em>’</em></span> <span class='ocrx_word' id='word_1_2' title='bbox 144 238 167 302; x_wconf 80' lang='lat' dir='ltr'><strong>e</strong></span> <span class='ocrx_word' id='word_1_3' title='bbox 291 292 302 307; x_wconf 83' lang='grc'><em>,</em></span> <span class='ocrx_word' id='word_1_4' title='bbox 400 231 424 295; x_wconf 89' lang='lat'><strong>1.</strong></span> <span class='ocrx_word' id='word_1_5' title='bbox 465 231 676 296; x_wconf 73' lang='lat' dir='ltr'><strong>restem</strong></span> <span class='ocrx_word' id='word_1_6' title='bbox 712 231 984 300; x_wconf 73' lang='lat' dir='ltr'><strong>enarratio</strong></span> 
     </span>
    </p>
   </div>
   <div class='ocr_carea' id='block_1_2' title="bbox 110 374 1237 655">
    <p class='ocr_par' dir='ltr' id='par_1_2' title="bbox 110 374 1237 655">
     <span class='ocr_line' id='line_1_2' title="bbox 110 374 1237 500; baseline 0.007 -39"><span class='ocrx_word' id='word_1_7' title='bbox 110 374 113 379; x_wconf 28' lang='lat'><em>⁴</em></span> <span class='ocrx_word' id='word_1_8' title='bbox 144 400 365 500; x_wconf 71' lang='lat' dir='ltr'><strong>senecenstot,</strong></span> <span class='ocrx_word' id='word_1_9' title='bbox 398 410 506 484; x_wconf 75' lang='lat' dir='ltr'><strong>peram</strong></span> <span class='ocrx_word' id='word_1_10' title='bbox 518 402 746 467; x_wconf 75' lang='lat' dir='ltr'><strong>Demosthenem</strong></span> <span class='ocrx_word' id='word_1_11' title='bbox 764 402 887 470; x_wconf 73' lang='lat' dir='ltr'><strong>exlrte</strong></span> <span class='ocrx_word' id='word_1_12' title='bbox 901 391 1068 471; x_wconf 72' lang='lat' dir='ltr'><strong>Aristotelis</strong></span> <span class='ocrx_word' id='word_1_13' title='bbox 1089 405 1237 488; x_wconf 82' lang='lat' dir='ltr'><strong>prolicere</strong></span> 
     </span>
     <span class='ocr_line' id='line_1_3' title="bbox 166 509 286 547; baseline 0 0"><span class='ocrx_word' id='word_1_14' title='bbox 166 509 197 547; x_wconf 92' lang='lat' dir='ltr'><strong>o·</strong></span> <span class='ocrx_word' id='word_1_15' title='bbox 247 509 286 547; x_wconf 89' lang='lat' dir='ltr'><strong>se.</strong></span> 
     </span>
     <span class='ocr_line' id='line_1_4' title="bbox 143 497 1236 655; baseline 0 -23"><span class='ocrx_word' id='word_1_16' title='bbox 143 508 165 568; x_wconf 70' lang='lat' dir='ltr'>P</span> <span class='ocrx_word' id='word_1_17' title='bbox 184 497 376 632; x_wconf 56' lang='lat' dir='ltr'><strong>lulitlimirum</strong></span> <span class='ocrx_word' id='word_1_18' title='bbox 389 573 520 654; x_wconf 81' lang='lat' dir='ltr'><strong>scriptor</strong></span> <span class='ocrx_word' id='word_1_19' title='bbox 535 575 587 635; x_wconf 91' lang='lat' dir='ltr'><strong>ille</strong></span> <span class='ocrx_word' id='word_1_20' title='bbox 600 574 691 652; x_wconf 78' lang='lat' dir='ltr'><strong>felix,</strong></span> <span class='ocrx_word' id='word_1_21' title='bbox 713 597 819 655; x_wconf 84' lang='lat' dir='ltr'><strong>sagax,</strong></span> <span class='ocrx_word' id='word_1_22' title='bbox 848 577 983 636; x_wconf 84' lang='lat' dir='ltr'><strong>eruditus</strong></span> <span class='ocrx_word' id='word_1_23' title='bbox 997 586 1085 655; x_wconf 89' lang='lat' dir='ltr'><strong>atque</strong></span> <span class='ocrx_word' id='word_1_24' title='bbox 1098 575 1236 635; x_wconf 83' lang='lat' dir='ltr'><strong>curiosus</strong></span> 
     </span>
    </p>
   </div>
   <div class='ocr_carea' id='block_1_3' title="bbox 23 628 1235 738">
    <p class='ocr_par' dir='ltr' id='par_1_3' title="bbox 23 628 1235 738">
     <span class='ocr_line' id='line_1_5' title="bbox 23 628 1235 738; baseline 0.003 -25"><span class='ocrx_word' id='word_1_25' title='bbox 23 628 27 635; x_wconf 24' lang='grc' dir='ltr'>ι</span> <span class='ocrx_word' id='word_1_26' title='bbox 49 664 53 669; x_wconf 82' lang='grc'>’</span> <span class='ocrx_word' id='word_1_27' title='bbox 145 654 336 738; x_wconf 86' lang='lat' dir='ltr'><strong>(Dionysium</strong></span> <span class='ocrx_word' id='word_1_28' title='bbox 346 655 429 738; x_wconf 86' lang='lat' dir='ltr'><strong>volo)</strong></span> <span class='ocrx_word' id='word_1_29' title='bbox 451 679 514 717; x_wconf 93' lang='lat' dir='ltr'><strong>non</strong></span> <span class='ocrx_word' id='word_1_30' title='bbox 530 661 629 718; x_wconf 83' lang='lat' dir='ltr'><strong>solum</strong></span> <span class='ocrx_word' id='word_1_31' title='bbox 642 661 833 721; x_wconf 82' lang='lat' dir='ltr'><strong>Demostheni</strong></span> <span class='ocrx_word' id='word_1_32' title='bbox 846 661 975 721; x_wconf 89' lang='lat' dir='ltr'><strong>multum</strong></span> <span class='ocrx_word' id='word_1_33' title='bbox 990 661 1077 720; x_wconf 80' lang='lat' dir='ltr'><strong>ess&#39;ert</strong></span> <span class='ocrx_word' id='word_1_34' title='bbox 1089 661 1167 720; x_wconf 90' lang='lat' dir='ltr'><strong>lucis</strong></span> <span class='ocrx_word' id='word_1_35' title='bbox 1186 668 1235 718; x_wconf 84' lang='lat' dir='ltr'><strong>at-</strong></span> 
     </span>
    </p>
   </div>
   <div class='ocr_carea' id='block_1_4' title="bbox 33 741 1271 3100">
    <p class='ocr_par' dir='ltr' id='par_1_4' title="bbox 33 741 1271 2547">
     <span class='ocr_line' id='line_1_6' title="bbox 145 741 1236 822; baseline 0 -20"><span class='ocrx_word' id='word_1_36' title='bbox 145 762 203 819; x_wconf 86' lang='lat' dir='ltr'><strong>que</strong></span> <span class='ocrx_word' id='word_1_37' title='bbox 219 741 398 817; x_wconf 89' lang='lat' dir='ltr'><strong>adiumenti,</strong></span> <span class='ocrx_word' id='word_1_38' title='bbox 419 762 526 801; x_wconf 87' lang='lat' dir='ltr'><strong>verum</strong></span> <span class='ocrx_word' id='word_1_39' title='bbox 542 745 665 802; x_wconf 83' lang='lat' dir='ltr'><strong>caeteris</strong></span> <span class='ocrx_word' id='word_1_40' title='bbox 678 746 768 805; x_wconf 87' lang='lat' dir='ltr'><strong>etiem</strong></span> <span class='ocrx_word' id='word_1_41' title='bbox 783 747 954 805; x_wconf 85' lang='lat' dir='ltr'><strong>oratoribus</strong></span> <span class='ocrx_word' id='word_1_42' title='bbox 970 746 1107 819; x_wconf 86' lang='lat' dir='ltr'><strong>Graecis,</strong></span> <span class='ocrx_word' id='word_1_43' title='bbox 1132 766 1148 802; x_wconf 91' lang='lat' dir='ltr'><strong>a</strong></span> <span class='ocrx_word' id='word_1_44' title='bbox 1166 744 1236 822; x_wconf 89' lang='lat' dir='ltr'><strong>qui-</strong></span> 
     </span>
     <span class='ocr_line' id='line_1_7' title="bbox 143 825 1271 911; baseline 0 -27"><span class='ocrx_word' id='word_1_45' title='bbox 143 825 200 885; x_wconf 88' lang='lat' dir='ltr'><strong>bus</strong></span> <span class='ocrx_word' id='word_1_46' title='bbox 218 825 356 885; x_wconf 86' lang='lat' dir='ltr'><strong>similiter</strong></span> <span class='ocrx_word' id='word_1_47' title='bbox 369 826 541 885; x_wconf 77' lang='lat' dir='ltr'><strong>Aristoteles</strong></span> <span class='ocrx_word' id='word_1_48' title='bbox 561 825 609 909; x_wconf 90' lang='lat' dir='ltr'><strong>(ut</strong></span> <span class='ocrx_word' id='word_1_49' title='bbox 622 828 686 909; x_wconf 88' lang='lat' dir='ltr'><strong>ipse</strong></span> <span class='ocrx_word' id='word_1_50' title='bbox 699 831 742 889; x_wconf 89' lang='lat' dir='ltr'><strong>ait</strong></span> <span class='ocrx_word' id='word_1_51' title='bbox 757 833 789 889; x_wconf 91' lang='lat' dir='ltr'><strong>in</strong></span> <span class='ocrx_word' id='word_1_52' title='bbox 801 831 869 889; x_wconf 90' lang='lat' dir='ltr'><strong>loco</strong></span> <span class='ocrx_word' id='word_1_53' title='bbox 885 829 1054 911; x_wconf 78' lang='lat' dir='ltr'><strong>proximos</strong></span> <span class='ocrx_word' id='word_1_54' title='bbox 1065 848 1112 886; x_wconf 90' lang='lat' dir='ltr'><strong>mc</strong></span> <span class='ocrx_word' id='word_1_55' title='bbox 1126 828 1235 885; x_wconf 79' lang='lat' dir='ltr'><strong>laudo·</strong></span> <span class='ocrx_word' id='word_1_56' title='bbox 1267 859 1271 866; x_wconf 91' lang='lat'><strong>·</strong></span> 
     </span>
     <span class='ocr_line' id='line_1_8' title="bbox 144 907 1235 994; baseline 0 -26"><span class='ocrx_word' id='word_1_57' title='bbox 144 907 190 991; x_wconf 89' lang='lat' dir='ltr'><strong>to)</strong></span> <span class='ocrx_word' id='word_1_58' title='bbox 206 921 300 970; x_wconf 87' lang='lat' dir='ltr'><strong>artem</strong></span> <span class='ocrx_word' id='word_1_59' title='bbox 314 931 398 970; x_wconf 83' lang='lat' dir='ltr'><strong>suem</strong></span> <span class='ocrx_word' id='word_1_60' title='bbox 411 920 440 968; x_wconf 90' lang='lat' dir='ltr'><strong>et</strong></span> <span class='ocrx_word' id='word_1_61' title='bbox 454 912 680 992; x_wconf 86' lang='lat' dir='ltr'><strong>praeceptiones</strong></span> <span class='ocrx_word' id='word_1_62' title='bbox 695 915 844 974; x_wconf 82' lang='lat' dir='ltr'><strong>derivarit</strong></span> <span class='ocrx_word' id='word_1_63' title='bbox 854 914 877 990; x_wconf 77' lang='lat'><strong>,&#39;</strong></span> <span class='ocrx_word' id='word_1_64' title='bbox 902 934 1090 994; x_wconf 79' lang='lat' dir='ltr'><strong>,quorumque</strong></span> <span class='ocrx_word' id='word_1_65' title='bbox 1104 932 1142 969; x_wconf 82' lang='lat' dir='ltr'><strong>ex</strong></span> <span class='ocrx_word' id='word_1_66' title='bbox 1156 912 1235 970; x_wconf 87' lang='lat' dir='ltr'><strong>ima·</strong></span> 
     </span>
     <span class='ocr_line' id='line_1_9' title="bbox 144 994 1234 1076; baseline 0.001 -24"><span class='ocrx_word' id='word_1_67' title='bbox 144 994 213 1072; x_wconf 85' lang='lat' dir='ltr'><strong>gine</strong></span> <span class='ocrx_word' id='word_1_68' title='bbox 230 997 350 1055; x_wconf 81' lang='lat' dir='ltr'><strong>futuros</strong></span> <span class='ocrx_word' id='word_1_69' title='bbox 363 1014 559 1076; x_wconf 88' lang='lat' dir='ltr'><strong>quoscunque</strong></span> <span class='ocrx_word' id='word_1_70' title='bbox 576 1006 707 1075; x_wconf 87' lang='lat' dir='ltr'><strong>oratores</strong></span> <span class='ocrx_word' id='word_1_71' title='bbox 728 999 777 1059; x_wconf 87' lang='lat' dir='ltr'><strong>ad·</strong></span> <span class='ocrx_word' id='word_1_72' title='bbox 788 1000 909 1059; x_wconf 89' lang='lat' dir='ltr'><strong>laudem</strong></span> <span class='ocrx_word' id='word_1_73' title='bbox 927 998 1047 1058; x_wconf 77' lang='lat' dir='ltr'><strong>effinxit</strong></span> <span class='ocrx_word' id='word_1_74' title='bbox 1067 1006 1156 1074; x_wconf 90' lang='lat' dir='ltr'><strong>atque</strong></span> <span class='ocrx_word' id='word_1_75' title='bbox 1178 1015 1234 1053; x_wconf 83' lang='lat' dir='ltr'><strong>ex-</strong></span> 
     </span>
     <span class='ocr_line' id='line_1_10' title="bbox 143 1074 1234 1161; baseline -0.001 -23"><span class='ocrx_word' id='word_1_76' title='bbox 143 1081 255 1159; x_wconf 78' lang='lat' dir='ltr'><strong>pressit</strong></span> <span class='ocrx_word' id='word_1_77' title='bbox 273 1080 312 1137; x_wconf 87' lang='lat' dir='ltr'><strong>od</strong></span> <span class='ocrx_word' id='word_1_78' title='bbox 334 1074 548 1140; x_wconf 82' lang='lat' dir='ltr'><strong>excollendum.</strong></span> <span class='ocrx_word' id='word_1_79' title='bbox 590 1080 703 1147; x_wconf 76' lang='lat' dir='ltr'><strong>Vemm</strong></span> <span class='ocrx_word' id='word_1_80' title='bbox 717 1085 840 1144; x_wconf 83' lang='lat' dir='ltr'><strong>sortasse</strong></span> <span class='ocrx_word' id='word_1_81' title='bbox 855 1083 1059 1143; x_wconf 85' lang='lat' dir='ltr'><strong>Demosthenis</strong></span> <span class='ocrx_word' id='word_1_82' title='bbox 1073 1081 1164 1161; x_wconf 88' lang='lat' dir='ltr'><strong>paulo</strong></span> <span class='ocrx_word' id='word_1_83' title='bbox 1181 1080 1234 1138; x_wconf 90' lang='lat' dir='ltr'><strong>ille</strong></span> 
     </span>
     <span class='ocr_line' id='line_1_11' title="bbox 76 1158 1234 1248; baseline -0.001 -26"><span class='ocrx_word' id='word_1_84' title='bbox 76 1161 79 1167; x_wconf 75' lang='grc'><strong>’</strong></span> <span class='ocrx_word' id='word_1_85' title='bbox 144 1164 307 1223; x_wconf 82' lang='lat' dir='ltr'><strong>studiosior</strong></span> <span class='ocrx_word' id='word_1_86' title='bbox 325 1158 413 1241; x_wconf 72' lang='lat' dir='ltr'><strong>&#39;eique</strong></span> <span class='ocrx_word' id='word_1_87' title='bbox 444 1165 609 1242; x_wconf 80' lang='lat' dir='ltr'><strong>addictior,</strong></span> <span class='ocrx_word' id='word_1_88' title='bbox 634 1180 734 1246; x_wconf 70' lang='lat' dir='ltr'><strong>‘quam</strong></span> <span class='ocrx_word' id='word_1_89' title='bbox 753 1190 809 1248; x_wconf 89' lang='lat' dir='ltr'><strong>par</strong></span> <span class='ocrx_word' id='word_1_90' title='bbox 831 1178 911 1243; x_wconf 88' lang='lat' dir='ltr'><strong>erat,</strong></span> <span class='ocrx_word' id='word_1_91' title='bbox 946 1168 1142 1226; x_wconf 84' lang='lat' dir='ltr'><strong>inclementer</strong></span> <span class='ocrx_word' id='word_1_92' title='bbox 1165 1185 1234 1222; x_wconf 87' lang='lat' dir='ltr'><strong>eum</strong></span> 
     </span>
     <span class='ocr_line' id='line_1_12' title="bbox 143 1246 1232 1329; baseline 0.001 -22"><span class='ocrx_word' id='word_1_93' title='bbox 143 1248 289 1307; x_wconf 79' lang='lat' dir='ltr'><strong>Aeschine</strong></span> <span class='ocrx_word' id='word_1_94' title='bbox 301 1246 371 1324; x_wconf 84' lang='lat' dir='ltr'><strong>ogit,</strong></span> <span class='ocrx_word' id='word_1_95' title='bbox 381 1267 468 1325; x_wconf 89' lang='lat' dir='ltr'><strong>quem</strong></span> <span class='ocrx_word' id='word_1_96' title='bbox 481 1252 573 1309; x_wconf 87' lang='lat' dir='ltr'><strong>verba</strong></span> <span class='ocrx_word' id='word_1_97' title='bbox 586 1252 718 1311; x_wconf 79' lang='lat' dir='ltr'><strong>fastuosa</strong></span> <span class='ocrx_word' id='word_1_98' title='bbox 730 1263 760 1311; x_wconf 88' lang='lat' dir='ltr'><strong>et</strong></span> <span class='ocrx_word' id='word_1_99' title='bbox 773 1254 902 1313; x_wconf 85' lang='lat' dir='ltr'><strong>ridicula</strong></span> <span class='ocrx_word' id='word_1_100' title='bbox 915 1251 1107 1310; x_wconf 87' lang='lat' dir='ltr'><strong>Demostheni</strong></span> <span class='ocrx_word' id='word_1_101' title='bbox 1121 1269 1232 1329; x_wconf 83' lang='lat' dir='ltr'><strong>expro-</strong></span> 
     </span>
     <span class='ocr_line' id='line_1_13' title="bbox 142 1330 1258 1415; baseline -0.001 -23"><span class='ocrx_word' id='word_1_102' title='bbox 142 1333 279 1392; x_wconf 88' lang='lat' dir='ltr'><strong>brantem</strong></span> <span class='ocrx_word' id='word_1_103' title='bbox 291 1330 498 1415; x_wconf 72' lang='lat' dir='ltr'><strong>reprehendit,</strong></span> <span class='ocrx_word' id='word_1_104' title='bbox 528 1336 671 1413; x_wconf 86' lang='lat' dir='ltr'><strong>quoniam</strong></span> <span class='ocrx_word' id='word_1_105' title='bbox 691 1357 724 1395; x_wconf 90' lang='lat' dir='ltr'><strong>ea</strong></span> <span class='ocrx_word' id='word_1_106' title='bbox 742 1339 835 1397; x_wconf 77' lang='lat' dir='ltr'><strong>verba</strong></span> <span class='ocrx_word' id='word_1_107' title='bbox 853 1338 958 1397; x_wconf 88' lang='lat' dir='ltr'><strong>sedulo</strong></span> <span class='ocrx_word' id='word_1_108' title='bbox 982 1346 1012 1396; x_wconf 87' lang='lat' dir='ltr'><strong>et</strong></span> <span class='ocrx_word' id='word_1_109' title='bbox 1032 1357 1101 1396; x_wconf 88' lang='lat' dir='ltr'><strong>cum</strong></span> <span class='ocrx_word' id='word_1_110' title='bbox 1116 1355 1188 1393; x_wconf 86' lang='lat' dir='ltr'><strong>curn</strong></span> <span class='ocrx_word' id='word_1_111' title='bbox 1200 1334 1234 1392; x_wconf 92' lang='lat' dir='ltr'><strong>iu</strong></span> <span class='ocrx_word' id='word_1_112' title='bbox 1253 1338 1258 1349; x_wconf 97' lang='grc'><strong>’</strong></span> 
     </span>
     <span class='ocr_line' id='line_1_14' title="bbox 142 1415 1233 1502; baseline -0.002 -24"><span class='ocrx_word' id='word_1_113' title='bbox 142 1415 277 1495; x_wconf 85' lang='lat' dir='ltr'><strong>reliquiis</strong></span> <span class='ocrx_word' id='word_1_114' title='bbox 303 1416 509 1479; x_wconf 86' lang='lat' dir='ltr'><strong>Demosthenis</strong></span> <span class='ocrx_word' id='word_1_115' title='bbox 530 1419 567 1478; x_wconf 84' lang='lat' dir='ltr'><strong>eb</strong></span> <span class='ocrx_word' id='word_1_116' title='bbox 598 1441 637 1481; x_wconf 86' lang='lat' dir='ltr'><strong>oo</strong></span> <span class='ocrx_word' id='word_1_117' title='bbox 656 1422 788 1500; x_wconf 80' lang='lat' dir='ltr'><strong>qttaesita</strong></span> <span class='ocrx_word' id='word_1_118' title='bbox 812 1423 938 1502; x_wconf 84' lang='lat' dir='ltr'><strong>reperiri</strong></span> <span class='ocrx_word' id='word_1_119' title='bbox 965 1442 1029 1481; x_wconf 87' lang='lat' dir='ltr'><strong>non</strong></span> <span class='ocrx_word' id='word_1_120' title='bbox 1056 1421 1233 1501; x_wconf 84' lang='lat' dir='ltr'><strong>potuissent.</strong></span> 
     </span>
     <span class='ocr_line' id='line_1_15' title="bbox 143 1502 1234 1589; baseline 0.003 -30"><span class='ocrx_word' id='word_1_121' title='bbox 143 1502 237 1574; x_wconf 85' lang='lat' dir='ltr'><strong>Quasi</strong></span> <span class='ocrx_word' id='word_1_122' title='bbox 250 1521 368 1589; x_wconf 84' lang='lat' dir='ltr'><strong>necesse</strong></span> <span class='ocrx_word' id='word_1_123' title='bbox 384 1503 505 1578; x_wconf 85' lang='lat' dir='ltr'><strong>suisset,</strong></span> <span class='ocrx_word' id='word_1_124' title='bbox 534 1513 570 1563; x_wconf 90' lang='lat' dir='ltr'><strong>ut</strong></span> <span class='ocrx_word' id='word_1_125' title='bbox 583 1515 636 1563; x_wconf 88' lang='lat' dir='ltr'><strong>aut</strong></span> <span class='ocrx_word' id='word_1_126' title='bbox 651 1507 767 1581; x_wconf 87' lang='lat' dir='ltr'><strong>omnia,</strong></span> <span class='ocrx_word' id='word_1_127' title='bbox 790 1528 865 1585; x_wconf 87' lang='lat' dir='ltr'><strong>quae</strong></span> <span class='ocrx_word' id='word_1_128' title='bbox 878 1527 1001 1585; x_wconf 87' lang='lat' dir='ltr'><strong>magnus</strong></span> <span class='ocrx_word' id='word_1_129' title='bbox 1015 1507 1066 1564; x_wconf 93' lang='lat' dir='ltr'><strong>ille</strong></span> <span class='ocrx_word' id='word_1_130' title='bbox 1081 1516 1183 1583; x_wconf 68' lang='lat' dir='ltr'><strong>orator</strong></span> <span class='ocrx_word' id='word_1_131' title='bbox 1200 1503 1234 1562; x_wconf 89' lang='lat' dir='ltr'><strong>in</strong></span> 
     </span>
     <span class='ocr_line' id='line_1_16' title="bbox 144 1585 1234 1668; baseline 0.002 -23"><span class='ocrx_word' id='word_1_132' title='bbox 144 1586 339 1646; x_wconf 87' lang='lat' dir='ltr'><strong>concionibus</strong></span> <span class='ocrx_word' id='word_1_133' title='bbox 358 1585 484 1665; x_wconf 81' lang='lat' dir='ltr'><strong>dixerit,</strong></span> <span class='ocrx_word' id='word_1_134' title='bbox 523 1589 619 1649; x_wconf 87' lang='lat' dir='ltr'><strong>literis</strong></span> <span class='ocrx_word' id='word_1_135' title='bbox 643 1592 906 1668; x_wconf 76' lang='lat' dir='ltr'><strong>consignarentur,</strong></span> <span class='ocrx_word' id='word_1_136' title='bbox 936 1601 990 1650; x_wconf 88' lang='lat' dir='ltr'><strong>aut</strong></span> <span class='ocrx_word' id='word_1_137' title='bbox 1008 1590 1122 1663; x_wconf 86' lang='lat' dir='ltr'><strong>omnio,</strong></span> <span class='ocrx_word' id='word_1_138' title='bbox 1158 1606 1234 1666; x_wconf 73' lang='lat' dir='ltr'><strong>(puae</strong></span> 
     </span>
     <span class='ocr_line' id='line_1_17' title="bbox 145 1671 1233 1756; baseline -0.002 -26"><span class='ocrx_word' id='word_1_139' title='bbox 145 1671 405 1749; x_wconf 83' lang='lat' dir='ltr'><strong>consignabantur,</strong></span> <span class='ocrx_word' id='word_1_140' title='bbox 427 1671 466 1731; x_wconf 84' lang='lat' dir='ltr'><strong>ed</strong></span> <span class='ocrx_word' id='word_1_141' title='bbox 482 1683 608 1732; x_wconf 86' lang='lat' dir='ltr'><strong>aetatem</strong></span> <span class='ocrx_word' id='word_1_142' title='bbox 625 1676 760 1754; x_wconf 85' lang='lat' dir='ltr'><strong>Dionysii</strong></span> <span class='ocrx_word' id='word_1_143' title='bbox 780 1676 981 1756; x_wconf 76' lang='lat' dir='ltr'><strong>pervenirent.</strong></span> <span class='ocrx_word' id='word_1_144' title='bbox 1024 1673 1169 1733; x_wconf 84' lang='lat' dir='ltr'><strong>Exscribo</strong></span> <span class='ocrx_word' id='word_1_145' title='bbox 1184 1681 1233 1729; x_wconf 82' lang='lat' dir='ltr'><strong>te-</strong></span> 
     </span>
     <span class='ocr_line' id='line_1_18' title="bbox 142 1755 1234 1839; baseline -0.002 -24"><span class='ocrx_word' id='word_1_146' title='bbox 142 1775 228 1831; x_wconf 89' lang='lat' dir='ltr'><strong>men,</strong></span> <span class='ocrx_word' id='word_1_147' title='bbox 264 1775 339 1834; x_wconf 91' lang='lat' dir='ltr'><strong>quae</strong></span> <span class='ocrx_word' id='word_1_148' title='bbox 354 1755 391 1815; x_wconf 89' lang='lat' dir='ltr'><strong>de</strong></span> <span class='ocrx_word' id='word_1_149' title='bbox 403 1755 461 1818; x_wconf 85' lang='lat' dir='ltr'><strong>hec</strong></span> <span class='ocrx_word' id='word_1_150' title='bbox 475 1777 508 1816; x_wconf 86' lang='lat' dir='ltr'><strong>re</strong></span> <span class='ocrx_word' id='word_1_151' title='bbox 520 1759 644 1836; x_wconf 83' lang='lat' dir='ltr'><strong>neliquit</strong></span> <span class='ocrx_word' id='word_1_152' title='bbox 654 1760 824 1839; x_wconf 87' lang='lat' dir='ltr'><strong>Dionysius,</strong></span> <span class='ocrx_word' id='word_1_153' title='bbox 847 1782 916 1819; x_wconf 89' lang='lat' dir='ltr'><strong>cum</strong></span> <span class='ocrx_word' id='word_1_154' title='bbox 930 1761 968 1818; x_wconf 94' lang='lat' dir='ltr'><strong>ob</strong></span> <span class='ocrx_word' id='word_1_155' title='bbox 983 1759 1057 1835; x_wconf 89' lang='lat' dir='ltr'><strong>alio,</strong></span> <span class='ocrx_word' id='word_1_156' title='bbox 1084 1768 1150 1816; x_wconf 89' lang='lat' dir='ltr'><strong>tum</strong></span> <span class='ocrx_word' id='word_1_157' title='bbox 1163 1756 1234 1834; x_wconf 89' lang='lat' dir='ltr'><strong>quia</strong></span> 
     </span>
     <span class='ocr_line' id='line_1_19' title="bbox 143 1838 1233 1919; baseline -0.001 -21"><span class='ocrx_word' id='word_1_158' title='bbox 143 1841 182 1898; x_wconf 84' lang='lat' dir='ltr'><strong>sd</strong></span> <span class='ocrx_word' id='word_1_159' title='bbox 198 1838 277 1899; x_wconf 86' lang='lat' dir='ltr'><strong>hanc</strong></span> <span class='ocrx_word' id='word_1_160' title='bbox 293 1858 413 1899; x_wconf 84' lang='lat' dir='ltr'><strong>censam</strong></span> <span class='ocrx_word' id='word_1_161' title='bbox 427 1850 516 1919; x_wconf 89' lang='lat' dir='ltr'><strong>atque</strong></span> <span class='ocrx_word' id='word_1_162' title='bbox 529 1843 579 1902; x_wconf 87' lang='lat' dir='ltr'><strong>ad·</strong></span> <span class='ocrx_word' id='word_1_163' title='bbox 593 1843 673 1903; x_wconf 87' lang='lat' dir='ltr'><strong>hone</strong></span> <span class='ocrx_word' id='word_1_164' title='bbox 684 1845 837 1904; x_wconf 79' lang='lat' dir='ltr'><strong>Aeschinis</strong></span> <span class='ocrx_word' id='word_1_165' title='bbox 857 1846 1078 1904; x_wconf 73' lang='lat' dir='ltr'><strong>accusationem</strong></span> <span class='ocrx_word' id='word_1_166' title='bbox 1098 1840 1233 1919; x_wconf 85' lang='lat' dir='ltr'><strong>pertine-</strong></span> 
     </span>
     <span class='ocr_line' id='line_1_20' title="bbox 142 1919 1233 2030; baseline -0.005 -40"><span class='ocrx_word' id='word_1_167' title='bbox 142 1934 204 1984; x_wconf 70' lang='lat' dir='ltr'><strong>ant·</strong></span> <span class='ocrx_word' id='word_1_168' title='bbox 247 1925 293 1983; x_wconf 70' lang='lat' dir='ltr'><strong>lta</strong></span> <span class='ocrx_word' id='word_1_169' title='bbox 312 1924 364 1982; x_wconf 73' lang='lat' dir='ltr'><strong>ille</strong></span> <span class='ocrx_word' id='word_1_170' title='bbox 388 1925 427 1982; x_wconf 71' lang='lat' dir='ltr'><strong>ad</strong></span> <span class='ocrx_word' id='word_1_171' title='bbox 450 1925 541 1983; x_wconf 76' lang='lat' dir='ltr'><strong>finem</strong></span> <span class='ocrx_word' id='word_1_172' title='bbox 559 1927 629 2009; x_wconf 77' lang='grc' dir='ltr'><em>περὶ</em></span> <span class='ocrx_word' id='word_1_173' title='bbox 649 1932 704 2009; x_wconf 80' lang='grc' dir='ltr'><strong>τῆς</strong></span> <span class='ocrx_word' id='word_1_174' title='bbox 722 1927 1087 2009; x_wconf 77' lang='grc' dir='ltr'><strong><em>λειιτιιιῆςΔημοσθένους</em></strong></span> <span class='ocrx_word' id='word_1_175' title='bbox 1101 1919 1233 2030; x_wconf 64' lang='grc' dir='ltr'><em>δεινότερ-</em></span> 
     </span>
     <span class='ocr_line' id='line_1_21' title="bbox 141 2005 1233 2095; baseline 0.004 -28"><span class='ocrx_word' id='word_1_176' title='bbox 141 2033 200 2082; x_wconf 75' lang='grc' dir='ltr'><strong>τος.</strong></span> <span class='ocrx_word' id='word_1_177' title='bbox 221 2008 356 2067; x_wconf 85' lang='lat' dir='ltr'><strong>Scilicet:</strong></span> <span class='ocrx_word' id='word_1_178' title='bbox 378 2005 454 2070; x_wconf 79' lang='lat' dir='ltr'><strong>Tddi</strong></span> <span class='ocrx_word' id='word_1_179' title='bbox 463 2006 591 2088; x_wconf 75' lang='grc' dir='ltr'><em>φάσκειν</em></span> <span class='ocrx_word' id='word_1_180' title='bbox 605 2021 759 2095; x_wconf 71' lang='grc' dir='ltr'><strong><em>φορτικοῖς</em></strong></span> <span class='ocrx_word' id='word_1_181' title='bbox 772 2013 824 2075; x_wconf 79' lang='grc' dir='ltr'><strong>καὶ</strong></span> <span class='ocrx_word' id='word_1_182' title='bbox 837 2008 942 2092; x_wconf 79' lang='grc' dir='ltr'><strong><em>ιῖηὸἑσι</em></strong></span> <span class='ocrx_word' id='word_1_183' title='bbox 953 2020 1016 2086; x_wconf 81' lang='grc' dir='ltr'><strong><em>τοῖς</em></strong></span> <span class='ocrx_word' id='word_1_184' title='bbox 1024 2005 1171 2091; x_wconf 74' lang='grc' dir='ltr'><strong><em>ὀνόμασιν</em></strong></span> <span class='ocrx_word' id='word_1_185' title='bbox 1181 2033 1233 2071; x_wconf 84' lang='grc' dir='ltr'><strong>αυ-</strong></span> 
     </span>
     <span class='ocr_line' id='line_1_22' title="bbox 141 2088 1234 2196; baseline -0.004 -40"><span class='ocrx_word' id='word_1_186' title='bbox 141 2089 193 2156; x_wconf 76' lang='lat' dir='ltr'><strong>siv</strong></span> <span class='ocrx_word' id='word_1_187' title='bbox 207 2091 458 2196; x_wconf 70' lang='lat' dir='ltr'><strong>[Demosthenem]</strong></span> <span class='ocrx_word' id='word_1_188' title='bbox 472 2096 641 2177; x_wconf 63' lang='lat' dir='ltr'><strong>argesindus</strong></span> <span class='ocrx_word' id='word_1_189' title='bbox 658 2092 757 2161; x_wconf 80' lang='grc' dir='ltr'><em>πόθεν</em></span> <span class='ocrx_word' id='word_1_190' title='bbox 769 2098 905 2177; x_wconf 74' lang='grc' dir='ltr'><em>ἐπῆλθεν</em></span> <span class='ocrx_word' id='word_1_191' title='bbox 916 2091 998 2183; x_wconf 74' lang='lat' dir='ltr'><strong>stirpi</strong></span> <span class='ocrx_word' id='word_1_192' title='bbox 1009 2096 1121 2177; x_wconf 74' lang='grc' dir='ltr'><strong>λέγειν,</strong></span> <span class='ocrx_word' id='word_1_193' title='bbox 1154 2088 1234 2174; x_wconf 68' lang='grc' dir='ltr'><strong>ὑπὲρ</strong></span> 
     </span>
     <span class='ocr_line' id='line_1_23' title="bbox 140 2172 1233 2263; baseline -0.001 -23"><span class='ocrx_word' id='word_1_194' title='bbox 140 2172 240 2241; x_wconf 70' lang='grc' dir='ltr'><em>πάντα</em></span> <span class='ocrx_word' id='word_1_195' title='bbox 252 2176 342 2258; x_wconf 72' lang='grc' dir='ltr'><em>ἔγωγε</em></span> <span class='ocrx_word' id='word_1_196' title='bbox 354 2184 538 2258; x_wconf 67' lang='lat' dir='ltr'><strong>cedeonem.</strong></span> <span class='ocrx_word' id='word_1_197' title='bbox 587 2175 678 2243; x_wconf 68' lang='lat' dir='ltr'><strong>otidis</strong></span> <span class='ocrx_word' id='word_1_198' title='bbox 691 2178 748 2263; x_wconf 71' lang='lat' dir='ltr'><strong>yda</strong></span> <span class='ocrx_word' id='word_1_199' title='bbox 765 2181 893 2262; x_wconf 73' lang='grc' dir='ltr'><em>εὑρίσκω</em></span> <span class='ocrx_word' id='word_1_200' title='bbox 907 2175 1022 2244; x_wconf 71' lang='grc' dir='ltr'><strong><em>τούτων</em></strong></span> <span class='ocrx_word' id='word_1_201' title='bbox 1037 2175 1120 2260; x_wconf 75' lang='grc' dir='ltr'><strong>παρὰ</strong></span> <span class='ocrx_word' id='word_1_202' title='bbox 1132 2183 1233 2256; x_wconf 69' lang='lat' dir='ltr'><strong>Appe-</strong></span> 
     </span>
     <span class='ocr_line' id='line_1_24' title="bbox 140 2255 1234 2345; baseline -0.005 -18"><span class='ocrx_word' id='word_1_203' title='bbox 140 2261 246 2327; x_wconf 68' lang='lat' dir='ltr'><strong>seton</strong></span> <span class='ocrx_word' id='word_1_204' title='bbox 264 2263 422 2342; x_wconf 75' lang='grc' dir='ltr'><em>κείμενον,</em></span> <span class='ocrx_word' id='word_1_205' title='bbox 451 2255 497 2325; x_wconf 80' lang='lat' dir='ltr'><strong>oio</strong></span> <span class='ocrx_word' id='word_1_206' title='bbox 516 2264 668 2344; x_wconf 72' lang='grc' dir='ltr'><strong>εἰρηκέναι</strong></span> <span class='ocrx_word' id='word_1_207' title='bbox 688 2265 783 2345; x_wconf 78' lang='grc' dir='ltr'><strong><em>φησὶν</em></strong></span> <span class='ocrx_word' id='word_1_208' title='bbox 795 2260 885 2328; x_wconf 72' lang='grc' dir='ltr'><strong><em>αὐτὸν</em></strong></span> <span class='ocrx_word' id='word_1_209' title='bbox 899 2267 1058 2344; x_wconf 69' lang='grc' dir='ltr'><strong><em>Αἰσχίνης,</em></strong></span> <span class='ocrx_word' id='word_1_210' title='bbox 1080 2257 1162 2338; x_wconf 76' lang='lat' dir='ltr'><strong>olor,</strong></span> <span class='ocrx_word' id='word_1_211' title='bbox 1186 2255 1234 2322; x_wconf 79' lang='lat' dir='ltr'><strong>‘tiss</strong></span> 
     </span>
     <span class='ocr_line' id='line_1_25' title="bbox 33 2339 1232 2445; baseline -0.007 -36"><span class='ocrx_word' id='word_1_212' title='bbox 33 2354 36 2361; x_wconf 86' lang='lat'>&#39;</span> <span class='ocrx_word' id='word_1_213' title='bbox 141 2339 242 2425; x_wconf 71' lang='lat' dir='ltr'><strong>„odet</strong></span> <span class='ocrx_word' id='word_1_214' title='bbox 253 2350 308 2425; x_wconf 78' lang='grc' dir='ltr'><strong>τῆς</strong></span> <span class='ocrx_word' id='word_1_215' title='bbox 319 2349 423 2425; x_wconf 72' lang='grc' dir='ltr'><strong><em>φιλίας</em></strong></span> <span class='ocrx_word' id='word_1_216' title='bbox 437 2340 608 2445; x_wconf 63' lang='grc' dir='ltr'><strong>ἆπορρῆξαι</strong></span> <span class='ocrx_word' id='word_1_217' title='bbox 625 2346 682 2430; x_wconf 71' lang='grc' dir='ltr'><strong>τήν</strong></span> <span class='ocrx_word' id='word_1_218' title='bbox 702 2352 872 2432; x_wconf 73' lang='grc' dir='ltr'><strong><em>συμμαχίαν</em></strong></span> <span class='ocrx_word' id='word_1_219' title='bbox 879 2352 899 2381; x_wconf 88' lang='grc'><strong>“</strong></span> <span class='ocrx_word' id='word_1_220' title='bbox 922 2350 1008 2429; x_wconf 82' lang='lat' dir='ltr'><strong>[V-id.</strong></span> <span class='ocrx_word' id='word_1_221' title='bbox 1024 2346 1164 2409; x_wconf 67' lang='lat' dir='ltr'><strong>leschin.</strong></span> <span class='ocrx_word' id='word_1_222' title='bbox 1176 2364 1232 2402; x_wconf 89' lang='lat' dir='ltr'><strong>su-</strong></span> 
     </span>
     <span class='ocr_line' id='line_1_26' title="bbox 140 2425 1233 2547; baseline -0.006 -50"><span class='ocrx_word' id='word_1_223' title='bbox 140 2450 207 2537; x_wconf 52' lang='lat' dir='ltr'><strong>prf,</strong></span> <span class='ocrx_word' id='word_1_224' title='bbox 227 2452 258 2511; x_wconf 82' lang='lat' dir='ltr'><strong>p-</strong></span> <span class='ocrx_word' id='word_1_225' title='bbox 271 2436 343 2496; x_wconf 78' lang='lat'><strong>461.</strong></span> <span class='ocrx_word' id='word_1_226' title='bbox 357 2432 445 2536; x_wconf 46' lang='lat' dir='ltr'><strong>pcnp]</strong></span> <span class='ocrx_word' id='word_1_227' title='bbox 461 2434 514 2534; x_wconf 62' lang='lat' dir='ltr'><strong>sod</strong></span> <span class='ocrx_word' id='word_1_228' title='bbox 524 2429 569 2496; x_wconf 77' lang='lat' dir='ltr'><strong>sits</strong></span> <span class='ocrx_word' id='word_1_229' title='bbox 595 2429 864 2547; x_wconf 54' lang='lat' dir='ltr'><strong>,sippssloppyoeiss</strong></span> <span class='ocrx_word' id='word_1_230' title='bbox 877 2432 956 2505; x_wconf 71' lang='lat' dir='ltr'><strong>stede</strong></span> <span class='ocrx_word' id='word_1_231' title='bbox 968 2429 1025 2511; x_wconf 73' lang='grc' dir='ltr'><strong>τήν</strong></span> <span class='ocrx_word' id='word_1_232' title='bbox 1036 2425 1153 2529; x_wconf 48' lang='grc' dir='ltr'><strong>πόλινῖί</strong></span> <span class='ocrx_word' id='word_1_233' title='bbox 1179 2426 1233 2491; x_wconf 66' lang='grc' dir='ltr'><strong>καὶ</strong></span> 
     </span>
    </p>

    <p class='ocr_par' dir='ltr' id='par_1_5' title="bbox 58 2512 1263 3023">
     <span class='ocr_line' id='line_1_27' title="bbox 140 2512 1263 2681; baseline 0.008 -18"><span class='ocrx_word' id='word_1_234' title='bbox 140 2513 618 2681; x_wconf 69' lang='lat' dir='ltr'><strong>enhnnnnn</strong></span> <span class='ocrx_word' id='word_1_235' title='bbox 635 2512 1234 2680; x_wconf 56' lang='lat' dir='ltr'><strong>&amp;sterntnerrtnent</strong></span> <span class='ocrx_word' id='word_1_236' title='bbox 1260 2586 1263 2591; x_wconf 95' lang='lat'>·</span> 
     </span>
     <span class='ocr_line' id='line_1_28' title="bbox 140 2678 1232 2767; baseline -0.003 -21"><span class='ocrx_word' id='word_1_237' title='bbox 140 2683 296 2763; x_wconf 66' lang='grc' dir='ltr'><strong>Ξπιτίθρσι</strong></span> <span class='ocrx_word' id='word_1_238' title='bbox 307 2685 524 2767; x_wconf 71' lang='grc' dir='ltr'><strong><em>διακωμῳδῶν·</em></strong></span> <span class='ocrx_word' id='word_1_239' title='bbox 554 2687 675 2761; x_wconf 67' lang='lat' dir='ltr'><strong>„seiros</strong></span> <span class='ocrx_word' id='word_1_240' title='bbox 695 2682 729 2746; x_wconf 73' lang='lat' dir='ltr'><strong>dl</strong></span> <span class='ocrx_word' id='word_1_241' title='bbox 751 2678 790 2746; x_wconf 81' lang='grc' dir='ltr'><strong>ον’</strong></span> <span class='ocrx_word' id='word_1_242' title='bbox 809 2680 930 2758; x_wconf 73' lang='grc' dir='ltr'><strong>κίναδός</strong></span> <span class='ocrx_word' id='word_1_243' title='bbox 942 2705 988 2756; x_wconf 77' lang='grc' dir='ltr'><strong>τις</strong></span> <span class='ocrx_word' id='word_1_244' title='bbox 1001 2682 1064 2746; x_wconf 74' lang='grc' dir='ltr'><strong>ἐστὶ</strong></span> <span class='ocrx_word' id='word_1_245' title='bbox 1077 2678 1232 2764; x_wconf 57' lang='lat' dir='ltr'><strong>deiparae}</strong></span> 
     </span>
     <span class='ocr_line' id='line_1_29' title="bbox 139 2760 1232 2873; baseline -0.001 -43"><span class='ocrx_word' id='word_1_246' title='bbox 139 2762 319 2873; x_wconf 57' lang='grc' dir='ltr'><strong>θαυμαστάς</strong></span> <span class='ocrx_word' id='word_1_247' title='bbox 328 2770 358 2809; x_wconf 77' lang='grc'><strong>“·</strong></span> <span class='ocrx_word' id='word_1_248' title='bbox 377 2767 498 2847; x_wconf 80' lang='lat' dir='ltr'><strong>[Aesch.</strong></span> <span class='ocrx_word' id='word_1_249' title='bbox 512 2789 544 2849; x_wconf 85' lang='lat' dir='ltr'><strong>p.</strong></span> <span class='ocrx_word' id='word_1_250' title='bbox 555 2767 641 2847; x_wconf 68' lang='lat'><strong>557]</strong></span> <span class='ocrx_word' id='word_1_251' title='bbox 660 2760 732 2831; x_wconf 75' lang='lat' dir='ltr'><strong>odtt</strong></span> <span class='ocrx_word' id='word_1_252' title='bbox 748 2792 781 2852; x_wconf 80' lang='lat' dir='ltr'><strong>ys</strong></span> <span class='ocrx_word' id='word_1_253' title='bbox 794 2767 870 2831; x_wconf 74' lang='grc' dir='ltr'><strong>ἄλλα</strong></span> <span class='ocrx_word' id='word_1_254' title='bbox 884 2765 951 2831; x_wconf 75' lang='lat' dir='ltr'><strong>seed</strong></span> <span class='ocrx_word' id='word_1_255' title='bbox 966 2764 1095 2850; x_wconf 74' lang='lat' dir='ltr'><strong>poosssd</strong></span> <span class='ocrx_word' id='word_1_256' title='bbox 1112 2767 1163 2869; x_wconf 70' lang='lat' dir='ltr'><strong>epod</strong></span> <span class='ocrx_word' id='word_1_257' title='bbox 1178 2761 1232 2848; x_wconf 78' lang='grc' dir='ltr'><strong>ἆρ-</strong></span> 
     </span>
     <span class='ocr_line' id='line_1_30' title="bbox 140 2846 1231 2936; baseline -0.001 -20"><span class='ocrx_word' id='word_1_258' title='bbox 140 2855 182 2933; x_wconf 74' lang='grc' dir='ltr'><strong>διῙ</strong></span> <span class='ocrx_word' id='word_1_259' title='bbox 195 2849 326 2933; x_wconf 77' lang='grc' dir='ltr'><strong><em>ονόμιιια</em></strong></span> <span class='ocrx_word' id='word_1_260' title='bbox 339 2851 373 2914; x_wconf 71' lang='grc' dir='ltr'><strong>ἐν</strong></span> <span class='ocrx_word' id='word_1_261' title='bbox 386 2846 491 2915; x_wconf 73' lang='lat' dir='ltr'><strong>addest</strong></span> <span class='ocrx_word' id='word_1_262' title='bbox 504 2858 567 2915; x_wconf 75' lang='lat' dir='ltr'><strong>soie</strong></span> <span class='ocrx_word' id='word_1_263' title='bbox 579 2852 798 2934; x_wconf 67' lang='grc' dir='ltr'><strong><em>Δημοσθένους</em></strong></span> <span class='ocrx_word' id='word_1_264' title='bbox 819 2848 917 2936; x_wconf 78' lang='grc' dir='ltr'><strong><em>λόγων</em></strong></span> <span class='ocrx_word' id='word_1_265' title='bbox 931 2851 1031 2934; x_wconf 66' lang='grc' dir='ltr'><em>εὑρεῖν</em></span> <span class='ocrx_word' id='word_1_266' title='bbox 1054 2854 1231 2933; x_wconf 66' lang='lat' dir='ltr'><strong>deducentes,</strong></span> 
     </span>
     <span class='ocr_line' id='line_1_31' title="bbox 58 2931 1231 3023; baseline -0.003 -21"><span class='ocrx_word' id='word_1_267' title='bbox 58 3016 65 3023; x_wconf 30' lang='grc' dir='ltr'>ι</span> <span class='ocrx_word' id='word_1_268' title='bbox 138 2937 298 3002; x_wconf 70' lang='grc' dir='ltr'><strong>καὶταῦτα</strong></span> <span class='ocrx_word' id='word_1_269' title='bbox 309 2931 430 3016; x_wconf 59' lang='lat' dir='ltr'><strong>cinnii</strong></span> <span class='ocrx_word' id='word_1_270' title='bbox 444 2939 479 3012; x_wconf 72' lang='grc' dir='ltr'><strong>’ἓξ</strong></span> <span class='ocrx_word' id='word_1_271' title='bbox 492 2932 641 3019; x_wconf 77' lang='grc' dir='ltr'><strong>μυριάδας</strong></span> <span class='ocrx_word' id='word_1_272' title='bbox 659 2941 765 3018; x_wconf 75' lang='grc' dir='ltr'><em>στίχων</em></span> <span class='ocrx_word' id='word_1_273' title='bbox 787 2938 903 3001; x_wconf 69' lang='grc' dir='ltr'><strong>ἐκείνου</strong></span> <span class='ocrx_word' id='word_1_274' title='bbox 922 2943 978 3000; x_wconf 81' lang='grc' dir='ltr'><strong>τοῦ</strong></span> <span class='ocrx_word' id='word_1_275' title='bbox 991 2932 1103 3019; x_wconf 69' lang='grc' dir='ltr'><em>ἀνδρός</em></span> <span class='ocrx_word' id='word_1_276' title='bbox 1112 2942 1231 2999; x_wconf 56' lang='lat' dir='ltr'><strong>narde·</strong></span> 
     </span>
    </p>

    <p class='ocr_par' dir='ltr' id='par_1_6' title="bbox 139 3016 1231 3100">
     <span class='ocr_line' id='line_1_32' title="bbox 139 3016 1231 3100; baseline -0.006 -15"><span class='ocrx_word' id='word_1_277' title='bbox 139 3016 287 3096; x_wconf 76' lang='grc' dir='ltr'><strong><em>λοιπότος.</em></strong></span> <span class='ocrx_word' id='word_1_278' title='bbox 325 3022 443 3080; x_wconf 79' lang='lat' dir='ltr'><strong>interca</strong></span> <span class='ocrx_word' id='word_1_279' title='bbox 454 3031 573 3097; x_wconf 66' lang='lat' dir='ltr'><strong>umen,</strong></span> <span class='ocrx_word' id='word_1_280' title='bbox 608 3044 650 3081; x_wconf 84' lang='lat' dir='ltr'><strong>an</strong></span> <span class='ocrx_word' id='word_1_281' title='bbox 668 3024 760 3082; x_wconf 81' lang='lat' dir='ltr'><strong>rerba</strong></span> <span class='ocrx_word' id='word_1_282' title='bbox 779 3023 833 3082; x_wconf 90' lang='lat' dir='ltr'><strong>illa</strong></span> <span class='ocrx_word' id='word_1_283' title='bbox 844 3024 1007 3082; x_wconf 70' lang='lat' dir='ltr'><strong>Aeschinis</strong></span> <span class='ocrx_word' id='word_1_284' title='bbox 1021 3022 1144 3100; x_wconf 90' lang='lat' dir='ltr'><strong>aliquod</strong></span> <span class='ocrx_word' id='word_1_285' title='bbox 1155 3021 1231 3079; x_wconf 87' lang='lat' dir='ltr'><strong>itto-</strong></span> 
     </span>
    </p>
   </div>
   <div class='ocr_carea' id='block_1_5' title="bbox 22 3105 1232 3186">
    <p class='ocr_par' dir='ltr' id='par_1_7' title="bbox 22 3105 1232 3186">
     <span class='ocr_line' id='line_1_33' title="bbox 22 3105 1232 3186; baseline -0.002 -19"><span class='ocrx_word' id='word_1_286' title='bbox 22 3124 26 3131; x_wconf 87' lang='lat'>&#39;</span> <span class='ocrx_word' id='word_1_287' title='bbox 139 3106 293 3167; x_wconf 74' lang='lat' dir='ltr'><strong>strationis</strong></span> <span class='ocrx_word' id='word_1_288' title='bbox 309 3106 445 3186; x_wconf 82' lang='lat' dir='ltr'><strong>ceperint</strong></span> <span class='ocrx_word' id='word_1_289' title='bbox 458 3127 496 3166; x_wconf 84' lang='lat' dir='ltr'><strong>ox</strong></span> <span class='ocrx_word' id='word_1_290' title='bbox 517 3106 656 3167; x_wconf 83' lang='lat' dir='ltr'><strong>hocloco</strong></span> <span class='ocrx_word' id='word_1_291' title='bbox 669 3110 831 3186; x_wconf 72' lang='lat' dir='ltr'><strong>Dionysii,</strong></span> <span class='ocrx_word' id='word_1_292' title='bbox 864 3128 967 3167; x_wconf 87' lang='lat' dir='ltr'><strong>secum</strong></span> <span class='ocrx_word' id='word_1_293' title='bbox 980 3105 1232 3186; x_wconf 83' lang='lat' dir='ltr'><strong>contemplsbitur</strong></span> 
     </span>
    </p>
   </div>
   <div class='ocr_carea' id='block_1_6' title="bbox 71 3188 1230 4128">
    <p class='ocr_par' dir='ltr' id='par_1_8' title="bbox 71 3188 1230 3951">
     <span class='ocr_line' id='line_1_34' title="bbox 139 3188 1230 3267; baseline -0.004 -16"><span class='ocrx_word' id='word_1_294' title='bbox 139 3193 292 3252; x_wconf 86' lang='lat' dir='ltr'><strong>studiosus</strong></span> <span class='ocrx_word' id='word_1_295' title='bbox 304 3193 409 3250; x_wconf 87' lang='lat' dir='ltr'><strong>lector.</strong></span> <span class='ocrx_word' id='word_1_296' title='bbox 453 3193 573 3251; x_wconf 87' lang='lat' dir='ltr'><strong>Certum</strong></span> <span class='ocrx_word' id='word_1_297' title='bbox 585 3201 645 3267; x_wconf 86' lang='lat' dir='ltr'><strong>cst,</strong></span> <span class='ocrx_word' id='word_1_298' title='bbox 666 3190 757 3251; x_wconf 89' lang='lat' dir='ltr'><strong>huius</strong></span> <span class='ocrx_word' id='word_1_299' title='bbox 770 3202 886 3251; x_wconf 88' lang='lat' dir='ltr'><strong>textum</strong></span> <span class='ocrx_word' id='word_1_300' title='bbox 900 3192 940 3249; x_wconf 91' lang='lat' dir='ltr'><strong>od</strong></span> <span class='ocrx_word' id='word_1_301' title='bbox 951 3191 1035 3249; x_wconf 91' lang='lat' dir='ltr'><strong>illius</strong></span> <span class='ocrx_word' id='word_1_302' title='bbox 1053 3211 1118 3249; x_wconf 89' lang='lat' dir='ltr'><strong>esse</strong></span> <span class='ocrx_word' id='word_1_303' title='bbox 1131 3188 1230 3248; x_wconf 83' lang='lat' dir='ltr'><strong>corri-</strong></span> 
     </span>
     <span class='ocr_line' id='line_1_35' title="bbox 84 3273 1230 3356; baseline -0.006 -19"><span class='ocrx_word' id='word_1_304' title='bbox 84 3346 88 3356; x_wconf 82' lang='lat'><strong><em>.</em></strong></span> <span class='ocrx_word' id='word_1_305' title='bbox 140 3278 270 3355; x_wconf 84' lang='lat' dir='ltr'><strong>gendum</strong></span> <span class='ocrx_word' id='word_1_306' title='bbox 286 3297 350 3335; x_wconf 87' lang='lat' dir='ltr'><strong>non</strong></span> <span class='ocrx_word' id='word_1_307' title='bbox 368 3296 432 3334; x_wconf 88' lang='lat' dir='ltr'><strong>uno</strong></span> <span class='ocrx_word' id='word_1_308' title='bbox 451 3276 582 3352; x_wconf 89' lang='lat' dir='ltr'><strong>iuloco,</strong></span> <span class='ocrx_word' id='word_1_309' title='bbox 604 3285 636 3335; x_wconf 92' lang='lat' dir='ltr'><strong>et</strong></span> <span class='ocrx_word' id='word_1_310' title='bbox 654 3278 764 3336; x_wconf 86' lang='lat' dir='ltr'><strong>falsum</strong></span> <span class='ocrx_word' id='word_1_311' title='bbox 788 3298 850 3335; x_wconf 86' lang='lat' dir='ltr'><strong>esse</strong></span> <span class='ocrx_word' id='word_1_312' title='bbox 870 3276 962 3335; x_wconf 83' lang='lat' dir='ltr'><strong>animi</strong></span> <span class='ocrx_word' id='word_1_313' title='bbox 980 3276 1142 3348; x_wconf 88' lang='lat' dir='ltr'><strong>editorem,</strong></span> <span class='ocrx_word' id='word_1_314' title='bbox 1170 3273 1230 3330; x_wconf 89' lang='lat' dir='ltr'><strong>de-</strong></span> 
     </span>
     <span class='ocr_line' id='line_1_36' title="bbox 71 3357 1229 3439; baseline -0.003 -19"><span class='ocrx_word' id='word_1_315' title='bbox 71 3372 74 3378; x_wconf 83' lang='lat'>&#39;</span> <span class='ocrx_word' id='word_1_316' title='bbox 142 3371 227 3420; x_wconf 87' lang='lat' dir='ltr'><strong>ctum</strong></span> <span class='ocrx_word' id='word_1_317' title='bbox 243 3360 444 3436; x_wconf 86' lang='lat' dir='ltr'><strong>licetvirum,</strong></span> <span class='ocrx_word' id='word_1_318' title='bbox 472 3362 524 3439; x_wconf 88' lang='lat' dir='ltr'><strong>qui</strong></span> <span class='ocrx_word' id='word_1_319' title='bbox 551 3361 590 3421; x_wconf 88' lang='lat' dir='ltr'><strong>ad</strong></span> <span class='ocrx_word' id='word_1_320' title='bbox 604 3362 835 3420; x_wconf 80' lang='lat' dir='ltr'><strong>Demosthenem</strong></span> <span class='ocrx_word' id='word_1_321' title='bbox 856 3363 998 3420; x_wconf 86' lang='lat' dir='ltr'><strong>lectorem</strong></span> <span class='ocrx_word' id='word_1_322' title='bbox 1018 3357 1145 3416; x_wconf 86' lang='lat' dir='ltr'><strong>remittit</strong></span> <span class='ocrx_word' id='word_1_323' title='bbox 1162 3376 1229 3436; x_wconf 87' lang='lat' dir='ltr'><strong>psg.</strong></span> 
     </span>
     <span class='ocr_line' id='line_1_37' title="bbox 139 3440 1228 3524; baseline -0.003 -21"><span class='ocrx_word' id='word_1_324' title='bbox 139 3451 213 3513; x_wconf 79' lang='lat'><strong>662.</strong></span> <span class='ocrx_word' id='word_1_325' title='bbox 227 3445 319 3503; x_wconf 88' lang='lat' dir='ltr'><strong>huius</strong></span> <span class='ocrx_word' id='word_1_326' title='bbox 331 3445 489 3519; x_wconf 89' lang='lat' dir='ltr'><strong>editionis,</strong></span> <span class='ocrx_word' id='word_1_327' title='bbox 515 3446 555 3504; x_wconf 85' lang='lat' dir='ltr'><strong>sd</strong></span> <span class='ocrx_word' id='word_1_328' title='bbox 574 3454 694 3505; x_wconf 83' lang='lat' dir='ltr'><strong>textum</strong></span> <span class='ocrx_word' id='word_1_329' title='bbox 717 3446 782 3505; x_wconf 90' lang='lat' dir='ltr'><strong>scil.</strong></span> <span class='ocrx_word' id='word_1_330' title='bbox 804 3465 893 3524; x_wconf 87' lang='lat' dir='ltr'><strong>quem</strong></span> <span class='ocrx_word' id='word_1_331' title='bbox 912 3445 1087 3519; x_wconf 50' lang='lat' dir='ltr'><strong>Diognetus</strong></span> <span class='ocrx_word' id='word_1_332' title='bbox 1104 3440 1139 3499; x_wconf 93' lang='lat' dir='ltr'><strong>in</strong></span> <span class='ocrx_word' id='word_1_333' title='bbox 1161 3441 1228 3500; x_wconf 84' lang='lat' dir='ltr'><strong>arsi-</strong></span> 
     </span>
     <span class='ocr_line' id='line_1_38' title="bbox 139 3524 1229 3610; baseline -0.004 -21"><span class='ocrx_word' id='word_1_334' title='bbox 139 3551 190 3589; x_wconf 86' lang='lat' dir='ltr'><strong>mo</strong></span> <span class='ocrx_word' id='word_1_335' title='bbox 205 3529 315 3599; x_wconf 80' lang='lat' dir='ltr'><strong>habere</strong></span> <span class='ocrx_word' id='word_1_336' title='bbox 327 3550 390 3588; x_wconf 89' lang='lat' dir='ltr'><strong>nou</strong></span> <span class='ocrx_word' id='word_1_337' title='bbox 402 3530 512 3609; x_wconf 85' lang='lat' dir='ltr'><strong>potuit.</strong></span> <span class='ocrx_word' id='word_1_338' title='bbox 552 3530 665 3590; x_wconf 81' lang='lat' dir='ltr'><strong>Verum</strong></span> <span class='ocrx_word' id='word_1_339' title='bbox 684 3530 791 3610; x_wconf 89' lang='lat' dir='ltr'><strong>quidni</strong></span> <span class='ocrx_word' id='word_1_340' title='bbox 808 3530 866 3588; x_wconf 88' lang='lat' dir='ltr'><strong>hoc</strong></span> <span class='ocrx_word' id='word_1_341' title='bbox 887 3537 940 3587; x_wconf 87' lang='lat' dir='ltr'><strong>aut</strong></span> <span class='ocrx_word' id='word_1_342' title='bbox 952 3526 1042 3585; x_wconf 88' lang='lat' dir='ltr'><strong>simili</strong></span> <span class='ocrx_word' id='word_1_343' title='bbox 1052 3524 1229 3605; x_wconf 83' lang='lat' dir='ltr'><strong>phraseolo-</strong></span> 
     </span>
     <span class='ocr_line' id='line_1_39' title="bbox 141 3611 1229 3692; baseline -0.006 -18"><span class='ocrx_word' id='word_1_344' title='bbox 141 3616 189 3692; x_wconf 82' lang='lat' dir='ltr'><strong>gie</strong></span> <span class='ocrx_word' id='word_1_345' title='bbox 208 3614 370 3692; x_wconf 87' lang='lat' dir='ltr'><strong>aliquando</strong></span> <span class='ocrx_word' id='word_1_346' title='bbox 391 3614 592 3675; x_wconf 84' lang='lat' dir='ltr'><strong>delectaretur</strong></span> <span class='ocrx_word' id='word_1_347' title='bbox 602 3615 838 3675; x_wconf 72' lang='lat' dir='ltr'><strong>Demosthenes?</strong></span> <span class='ocrx_word' id='word_1_348' title='bbox 881 3611 1014 3686; x_wconf 77' lang='lat' dir='ltr'><strong>Qetidni,</strong></span> <span class='ocrx_word' id='word_1_349' title='bbox 1042 3619 1080 3668; x_wconf 89' lang='lat' dir='ltr'><strong>ut</strong></span> <span class='ocrx_word' id='word_1_350' title='bbox 1101 3611 1229 3687; x_wconf 62' lang='lat' dir='ltr'><strong>Spdbur-</strong></span> 
     </span>
     <span class='ocr_line' id='line_1_40' title="bbox 137 3689 1229 3780; baseline -0.002 -22"><span class='ocrx_word' id='word_1_351' title='bbox 137 3703 307 3779; x_wconf 76' lang='lat' dir='ltr'><strong>giusreete</strong></span> <span class='ocrx_word' id='word_1_352' title='bbox 321 3698 508 3776; x_wconf 74' lang='lat' dir='ltr'><strong>observavit,</strong></span> <span class='ocrx_word' id='word_1_353' title='bbox 536 3700 649 3760; x_wconf 86' lang='lat' dir='ltr'><strong>diceret</strong></span> <span class='ocrx_word' id='word_1_354' title='bbox 667 3700 866 3780; x_wconf 71' lang='grc' dir='ltr'><strong><em>ὖποιέτμηται</em></strong></span> <span class='ocrx_word' id='word_1_355' title='bbox 884 3693 921 3758; x_wconf 82' lang='lat' dir='ltr'><strong>sd</strong></span> <span class='ocrx_word' id='word_1_356' title='bbox 942 3698 1038 3776; x_wconf 72' lang='lat' dir='ltr'><strong>veios</strong></span> <span class='ocrx_word' id='word_1_357' title='bbox 1049 3699 1106 3757; x_wconf 77' lang='lat' dir='ltr'><strong>sod</strong></span> <span class='ocrx_word' id='word_1_358' title='bbox 1120 3689 1229 3773; x_wconf 76' lang='grc' dir='ltr'><strong><em>δήμου,</em></strong></span> 
     </span>
     <span class='ocr_line' id='line_1_41' title="bbox 140 3776 1229 3866; baseline -0.003 -23"><span class='ocrx_word' id='word_1_359' title='bbox 140 3784 245 3863; x_wconf 85' lang='lat' dir='ltr'><strong>quiin</strong></span> <span class='ocrx_word' id='word_1_360' title='bbox 264 3784 450 3862; x_wconf 70' lang='lat' dir='ltr'><strong>Olynthioea</strong></span> <span class='ocrx_word' id='word_1_361' title='bbox 471 3784 522 3843; x_wconf 82' lang='lat'>111.</span> <span class='ocrx_word' id='word_1_362' title='bbox 542 3786 623 3845; x_wconf 82' lang='lat' dir='ltr'><strong>dixit</strong></span> <span class='ocrx_word' id='word_1_363' title='bbox 641 3784 728 3866; x_wconf 68' lang='grc' dir='ltr'><em>ὑμεῖς</em></span> <span class='ocrx_word' id='word_1_364' title='bbox 746 3782 779 3848; x_wconf 79' lang='lat' dir='ltr'><strong>di</strong></span> <span class='ocrx_word' id='word_1_365' title='bbox 808 3781 829 3847; x_wconf 82' lang='lat' dir='ltr'><strong>si</strong></span> <span class='ocrx_word' id='word_1_366' title='bbox 849 3784 946 3864; x_wconf 78' lang='grc' dir='ltr'>δῆμος</span> <span class='ocrx_word' id='word_1_367' title='bbox 973 3776 1229 3862; x_wconf 68' lang='grc' dir='ltr'><strong>Ικνενευρισμένοι</strong></span> 
     </span>
     <span class='ocr_line' id='line_1_42' title="bbox 138 3864 1064 3951; baseline -0.004 -20"><span class='ocrx_word' id='word_1_368' title='bbox 138 3868 193 3931; x_wconf 76' lang='lat' dir='ltr'><strong>seed</strong></span> <span class='ocrx_word' id='word_1_369' title='bbox 204 3890 274 3950; x_wconf 80' lang='grc' dir='ltr'><strong>περι</strong></span> <span class='ocrx_word' id='word_1_370' title='bbox 295 3868 419 3950; x_wconf 71' lang='grc' dir='ltr'><strong>ρηρὲνοι</strong></span> <span class='ocrx_word' id='word_1_371' title='bbox 433 3864 588 3951; x_wconf 61' lang='lat' dir='ltr'><strong>mrigera?</strong></span> <span class='ocrx_word' id='word_1_372' title='bbox 921 3880 943 3913; x_wconf 64' lang='lat'><strong>³¹</strong></span> <span class='ocrx_word' id='word_1_373' title='bbox 1062 3943 1064 3947; x_wconf 13' lang='lat'><em>7</em></span> 
     </span>
    </p>

    <p class='ocr_par' dir='ltr' id='par_1_9' title="bbox 139 3946 1228 4128">
     <span class='ocr_line' id='line_1_43' title="bbox 155 3946 1228 4033; baseline -0.007 -20"><span class='ocrx_word' id='word_1_374' title='bbox 155 4016 157 4020; x_wconf 83' lang='lat'><em>.</em></span> <span class='ocrx_word' id='word_1_375' title='bbox 222 3954 252 4013; x_wconf 85' lang='lat' dir='ltr'><strong>hl</strong></span> <span class='ocrx_word' id='word_1_376' title='bbox 286 3955 325 4013; x_wconf 90' lang='lat' dir='ltr'><strong>tis</strong></span> <span class='ocrx_word' id='word_1_377' title='bbox 352 3975 424 4013; x_wconf 88' lang='lat' dir='ltr'><strong>sane</strong></span> <span class='ocrx_word' id='word_1_378' title='bbox 447 3956 545 4013; x_wconf 87' lang='lat' dir='ltr'><strong>modio</strong></span> <span class='ocrx_word' id='word_1_379' title='bbox 566 3954 730 4033; x_wconf 86' lang='lat' dir='ltr'><strong>multisque</strong></span> <span class='ocrx_word' id='word_1_380' title='bbox 751 3952 924 4013; x_wconf 87' lang='lat' dir='ltr'><strong>nominibus</strong></span> <span class='ocrx_word' id='word_1_381' title='bbox 949 3946 1148 4033; x_wconf 72' lang='lat' dir='ltr'><strong>praedicando</strong></span> <span class='ocrx_word' id='word_1_382' title='bbox 1181 3953 1228 4005; x_wconf 86' lang='lat' dir='ltr'><strong>est</strong></span> 
     </span>
     <span class='ocr_line' id='line_1_44' title="bbox 139 4030 1227 4128; baseline -0.006 -31"><span class='ocrx_word' id='word_1_383' title='bbox 139 4038 215 4098; x_wconf 85' lang='lat' dir='ltr'><strong>haec</strong></span> <span class='ocrx_word' id='word_1_384' title='bbox 231 4039 431 4117; x_wconf 85' lang='lat' dir='ltr'><strong>insignissima</strong></span> <span class='ocrx_word' id='word_1_385' title='bbox 447 4039 559 4115; x_wconf 91' lang='lat' dir='ltr'><strong>oratio,</strong></span> <span class='ocrx_word' id='word_1_386' title='bbox 594 4039 689 4098; x_wconf 88' lang='lat' dir='ltr'><strong>totius</strong></span> <span class='ocrx_word' id='word_1_387' title='bbox 704 4038 888 4117; x_wconf 80' lang='lat' dir='ltr'><strong>eloquentiae</strong></span> <span class='ocrx_word' id='word_1_388' title='bbox 904 4039 992 4097; x_wconf 91' lang='lat' dir='ltr'><strong>istius</strong></span> <span class='ocrx_word' id='word_1_389' title='bbox 1004 4032 1111 4113; x_wconf 88' lang='lat' dir='ltr'><strong>populi</strong></span> <span class='ocrx_word' id='word_1_390' title='bbox 1132 4030 1227 4128; x_wconf 69' lang='lat' dir='ltr'><strong>(apud</strong></span> 
     </span>
    </p>
   </div>
   <div class='ocr_carea' id='block_1_7' title="bbox 31 4114 1226 4202">
    <p class='ocr_par' dir='ltr' id='par_1_10' title="bbox 31 4114 1226 4202">
     <span class='ocr_line' id='line_1_45' title="bbox 31 4114 1226 4202; baseline -0.008 -18"><span class='ocrx_word' id='word_1_391' title='bbox 31 4188 34 4193; x_wconf 71' lang='grc'>,</span> <span class='ocrx_word' id='word_1_392' title='bbox 139 4144 228 4202; x_wconf 87' lang='lat' dir='ltr'><strong>quem</strong></span> <span class='ocrx_word' id='word_1_393' title='bbox 250 4133 282 4183; x_wconf 93' lang='lat' dir='ltr'><strong>et</strong></span> <span class='ocrx_word' id='word_1_394' title='bbox 299 4133 371 4184; x_wconf 88' lang='lat' dir='ltr'><strong>nata</strong></span> <span class='ocrx_word' id='word_1_395' title='bbox 389 4132 435 4183; x_wconf 87' lang='lat' dir='ltr'><strong>est</strong></span> <span class='ocrx_word' id='word_1_396' title='bbox 455 4132 485 4182; x_wconf 90' lang='lat' dir='ltr'><strong>et</strong></span> <span class='ocrx_word' id='word_1_397' title='bbox 499 4124 537 4181; x_wconf 81' lang='lat' dir='ltr'><strong>od</strong></span> <span class='ocrx_word' id='word_1_398' title='bbox 551 4125 660 4183; x_wconf 79' lang='lat' dir='ltr'><strong>iustam</strong></span> <span class='ocrx_word' id='word_1_399' title='bbox 674 4123 911 4201; x_wconf 80' lang='lat' dir='ltr'><strong>magnitudinem</strong></span> <span class='ocrx_word' id='word_1_400' title='bbox 928 4117 1060 4180; x_wconf 83' lang='lat' dir='ltr'><strong>exerevit</strong></span> <span class='ocrx_word' id='word_1_401' title='bbox 1077 4115 1155 4176; x_wconf 84' lang='lat' dir='ltr'><strong>ratio</strong></span> <span class='ocrx_word' id='word_1_402' title='bbox 1176 4114 1226 4175; x_wconf 81' lang='lat' dir='ltr'><strong>dr-</strong></span> 
     </span>
    </p>
   </div>
   <div class='ocr_carea' id='block_1_8' title="bbox 138 4202 1228 4375">
    <p class='ocr_par' dir='ltr' id='par_1_11' title="bbox 138 4202 1228 4375">
     <span class='ocr_line' id='line_1_46' title="bbox 142 4202 1227 4289; baseline -0.008 -21"><span class='ocrx_word' id='word_1_403' title='bbox 142 4206 240 4289; x_wconf 73' lang='lat' dir='ltr'><strong>eendi)</strong></span> <span class='ocrx_word' id='word_1_404' title='bbox 256 4208 314 4269; x_wconf 92' lang='lat' dir='ltr'><strong>ssos</strong></span> <span class='ocrx_word' id='word_1_405' title='bbox 331 4208 397 4288; x_wconf 90' lang='lat' dir='ltr'><strong>ipse</strong></span> <span class='ocrx_word' id='word_1_406' title='bbox 412 4217 443 4267; x_wconf 89' lang='lat' dir='ltr'><strong>et</strong></span> <span class='ocrx_word' id='word_1_407' title='bbox 454 4207 602 4285; x_wconf 83' lang='lat' dir='ltr'><strong>medulla,</strong></span> <span class='ocrx_word' id='word_1_408' title='bbox 629 4228 707 4289; x_wconf 84' lang='lat' dir='ltr'><strong>opus</strong></span> <span class='ocrx_word' id='word_1_409' title='bbox 720 4229 876 4289; x_wconf 85' lang='lat' dir='ltr'><strong>nunquom</strong></span> <span class='ocrx_word' id='word_1_410' title='bbox 887 4228 903 4267; x_wconf 87' lang='lat' dir='ltr'><strong>e</strong></span> <span class='ocrx_word' id='word_1_411' title='bbox 914 4203 1052 4266; x_wconf 71' lang='lat' dir='ltr'><strong>mantus</strong></span> <span class='ocrx_word' id='word_1_412' title='bbox 1072 4202 1227 4282; x_wconf 85' lang='lat' dir='ltr'><strong>deponen-</strong></span> 
     </span>
     <span class='ocr_line' id='line_1_47' title="bbox 138 4286 1228 4375; baseline -0.006 -23"><span class='ocrx_word' id='word_1_413' title='bbox 138 4293 223 4372; x_wconf 87' lang='lat' dir='ltr'><strong>dum,</strong></span> <span class='ocrx_word' id='word_1_414' title='bbox 243 4315 306 4355; x_wconf 90' lang='lat' dir='ltr'><strong>non</strong></span> <span class='ocrx_word' id='word_1_415' title='bbox 318 4295 418 4355; x_wconf 84' lang='lat' dir='ltr'><strong>solnm</strong></span> <span class='ocrx_word' id='word_1_416' title='bbox 429 4302 556 4375; x_wconf 80' lang='lat' dir='ltr'><strong>propter</strong></span> <span class='ocrx_word' id='word_1_417' title='bbox 565 4292 670 4355; x_wconf 80' lang='lat' dir='ltr'><strong>civiles</strong></span> <span class='ocrx_word' id='word_1_418' title='bbox 686 4295 828 4374; x_wconf 73' lang='lat' dir='ltr'><strong>rationes,</strong></span> <span class='ocrx_word' id='word_1_419' title='bbox 848 4290 957 4374; x_wconf 85' lang='lat' dir='ltr'><strong>quibus</strong></span> <span class='ocrx_word' id='word_1_420' title='bbox 974 4286 1118 4365; x_wconf 73' lang='lat' dir='ltr'><strong>abundat,</strong></span> <span class='ocrx_word' id='word_1_421' title='bbox 1137 4295 1228 4365; x_wconf 80' lang='lat' dir='ltr'><strong>seque</strong></span> 
     </span>
    </p>
   </div>
   <div class='ocr_carea' id='block_1_9' title="bbox 0 0 1392 4740">
    <p class='ocr_par' dir='ltr' id='par_1_12' title="bbox 0 0 1392 4740">
     <span class='ocr_line' id='line_1_48' title="bbox 0 0 1392 4740; baseline 0 1"><span class='ocrx_word' id='word_1_422' title='bbox 0 0 1392 4740; x_wconf 95' lang='lat' dir='ltr'><strong> </strong></span> 
     </span>
    </p>
   </div>
  </div>
 </body>
</html>
