2774 4740
194 256 259 331 gs
411 238 780 307 irrorariores
804 238 865 300 ιο
886 236 1062 304 sacen

273 418 301 477 Ρ.
318 416 390 483 339.
405 433 435 471 ν.
449 417 500 479 20.
522 410 705 492 ίξεκίιηίες]
728 411 802 489 Lege
824 409 1000 491 ίξεκίτηίες.
1022 418 1197 489 mmsis.
1217 409 1307 470 No··

187 504 250 567 uh
266 500 387 559 ridetur
400 498 555 559 neeriae
565 498 605 556 sd
615 517 645 556 v.
659 517 704 574 sq.
727 515 891 558 securas.
964 493 969 500 ’

270 603 302 661 l'.
318 606 390 669 389.
407 620 437 658 r.
451 605 503 666 22.
522 596 568 663 te
587 592 791 676 οἲκολοῦνται]
815 597 946 656 Medium
971 594 1124 655 interserit
1149 592 1282 671 Lessing.

182 686 365 747 waubulum
386 686 523 765 θηβαῖοι.
543 701 638 741 aaran.
659 681 822 760 Taylorus:
844 683 994 760 ,,Θηβαῖοι
1009 679 1135 738 dessein
1151 677 1284 756 impres·

183 793 286 833 aarum
300 770 446 853 plurimis.
468 767 673 827 destituerunt
693 786 762 824 erun
776 768 885 825 Wolfio
902 766 994 825 Codd.
1010 766 1080 842 lleg.
1093 766 1124 824 ἀ.
1136 761 1283 842 Alteanps.

183 856 324 937 aliique.u
345 855 383 918 V.
394 861 457 914 not.
471 852 510 912 ad
524 871 553 911 v.
568 856 598 917 8.
614 850 743 909 Inseruit
759 852 847 911 efiam
859 851 986 919 Bekker.
1007 866 1172 909 sectarer.

267 958 300 1017 Ρ.
311 961 383 1023 889.
396 975 426 1013 r.
440 956 491 1021 25.
507 944 617 1014 σοι’σειν
630 985 672 998 -
689 945 816 1035 πόλεως]
837 954 908 1011 Post
923 945 1034 1024 αιίεοιίς
1049 948 1135 1007 addit
1150 947 1282 1025 Lessing.

182 1036 280 1125 γᾶριν,
300 1058 402 1102 aaut.
417 1039 453 1098 V.
469 1047 533 1098 not.
547 1037 587 1098 ad
599 1058 629 1097 v.
641 1043 672 1105 8.
689 1030 797 1100 σοι’σειν
812 1033 869 1120 γα“ρ
881 1030 994 1110 «irrisorie⁸
1006 1039 1045 1123 τῇ
1058 1029 1143 1097 πόλει
1154 1032 1282 1093 bekker.

181 1144 342 1187 semmaa.

267 1227 298 1285 P·
312 1226 385 1293 889.
397 1242 427 1282 v·
442 1225 493 1288 27·
508 1223 648 1304 εἴληφεν]
671 1216 806 1305 χρήματα
822 1219 1023 1301 είληφενίλος.
1038 1239 1065 1280 α.
1080 1228 1111 1279 st
1126 1216 1282 1277 CodVin-

182 1308 370 1373 dobonensis.
388 1327 520 1371 rsraos.
535 1304 670 1393 χρήματα
685 1309 809 1388 είληφεν
820 1306 946 1367 Bekker.
958 1322 1117 1364 semesae.

263 1410 297 1471 P·
310 1413 382 1476 340.
394 1429 425 1470 v·
437 1414 468 1476 2.
490 1404 609 1491 αὐτῶν]
631 1406 728 1474 edroi
738 1414 799 1473 sein
815 1406 943 1471 Bekker.
963 1405 1001 1467 V.
1017 1404 1081 1466 aiot.
1104 1404 1145 1464 ad
1157 1426 1189 1487 p.
1206 1408 1280 1483 53⁹,

180 1500 212 1565 8.
233 1513 392 1554 emersa.

262 1595 295 1654 P·
310 1598 383 1659 340.
393 1612 423 1652 v·
436 1599 466 1660 8.
486 1590 549 1677 tet]
573 1591 646 1676 need
664 1596 795 1674 Lessing.
810 1614 906 1654 eamr.
927 1593 963 1653 V.
976 1602 1040 1655 not.
1055 1590 1095 1651 ed
1111 1611 1142 1672 p.
1160 1594 1234 1668 889,
1249 1594 1282 1659 8.

177 1676 240 1741 Aut
255 1677 300 1737 eie
310 1677 502 1739 scribendum
514 1690 566 1738 aut
578 1680 628 1743 ἐπὶ
640 1685 680 1766 τῇ
693 1679 848 1764 ἕξωμοσίᾳ.
869 1694 1025 1739 senseras.
1138 1742 1142 1755 ¹

262 1781 294 1838 P·
306 1784 378 1845 340.
392 1800 424 1838 v·
437 1783 467 1846 8.
490 1776 537 1843 ’ὅτε
550 1814 593 1826 -
608 1780 716 1862 ίχρήν]
736 1780 761 1840 Ε
784 1779 882 1840 verbis
899 1777 1104 1838 Demosthenis
1122 1774 1282 1854 legandum
1326 1778 1330 1787 '

177 1861 317 1924 videtur:
337 1861 449 1927 brenel
462 1865 550 1941 φίλος
566 1861 644 1928 είναι
662 1859 745 1949 αὐτῷ
762 1863 830 1944 ἔφη.
851 1885 950 1923 wear.
972 1863 1054 1936 Quid
1071 1861 1146 1936 hoc,
1160 1859 1205 1919 mi
1219 1858 1281 1919 bo-

177 1947 249 2008 mo?
272 1949 332 2008 Cur
344 1947 490 2023 hortaris,
512 1959 547 2007 ut
564 1958 648 2008 tuam
660 1950 749 2008 fidem
764 1949 858 2008 secuti
868 1959 930 2007 tam
943 1948 1032 2025 longe
1050 1966 1067 2005 a
1080 1944 1174 2007 Codd.
1190 1953 1283 2022 atque

177 2032 334 2092 averitate
353 2033 419 2111 ipsa
439 2032 665 2093 aberraremus?
687 2032 881 2092 Metiosedum
904 2043 976 2100 esset
990 2030 1152 2104 Aeschini,
1179 2027 1283 2106 inquit

177 2115 319 2195 scriptor,
341 2139 361 2174 a
385 2117 542 2193 Thebanis,
561 2121 744 2196 praesertim
759 2122 788 2176 εἱ
802 2120 860 2175 iter
872 2119 1052 2195 suscepisset
1062 2118 1127 2173 sins
1140 2115 1282 2171 auctori-

175 2209 243 2259 sese
263 2201 402 2280 publica.
432 2202 513 2261 Olim
528 2204 625 2278 enim,
644 2223 678 2261 eo
693 2213 843 2282 tempore,
866 2222 924 2281 quo
939 2202 1117 2278 legationem
1132 2217 1215 2257 suain
1228 2217 1283 2258 rc·

174 2285 343 2361 nunciavit,
358 2286 465 2362 aiebat,
479 2298 648 2367 eapropter
661 2287 876 2366 fidempatriae
890 2306 960 2345 suas
972 2285 1146 2364 praestitam
1166 2303 1183 2340 a
1199 2280 1281 2341 Tbe-

175 2367 262 2429 banis
277 2371 366 2431 fuisse
378 2372 584 2452 proscriptum
595 2381 625 2432 et
639 2373 864 2451 proclamatum.
888 2365 1060 2432 Ποίνδεινον
1070 2368 1162 2446 igitur
1173 2376 1219 2426 est
1232 2365 1283 2447 (ut

176 2453 221 2514 sit
240 2454 454 2515 Demosthenes
476 2478 506 2536 p.
524 2461 603 2532 880,
625 2463 654 2522 8.
681 2457 718 2514 de
738 2455 795 2514 bac
816 2455 884 2535 ipse
904 2474 1030 2534 requae
1051 2453 1103 2514 hic
1118 2446 1280 2557 tractetm)

175 2531 399 2623 ἆκηγγελιιότα,
423 2539 464 2613 eie
478 2535 708 2620 ἐπικεκήρυκται
728 2534 862 2619 χρήματα
876 2533 958 2623 αὐτῷ
971 2536 1004 2602 ἐν
1027 2532 1160 2618 Θήβαις,
1176 2535 1280 2616 ἐπειδη

148 2646 151 2655 ·
171 2624 310 2702 -Θηβαῖοι
317 2620 390 2704 ιιρός
404 2627 448 2708 νῷ
460 2621 517 2703 τήν
528 2626 677 2686 Βοιωτίαν
691 2618 812 2686 ἅπασαν
823 2624 899 2703 ίχειν
912 2623 964 2685 καί
977 2626 1032 2703 τῆς
1042 2621 1172 2684 Φωκίων
1182 2614 1282 2702 χαίροις
1341 2660 1344 2665 -

174 2703 326 2788 ίγκρστεῖς
340 2701 491 2788 γεγόνασι,
505 2712 669 2787 τηνικαῦτα
685 2707 729 2781 εἰς
744 2707 834 2787 μέσας
846 2705 899 2782 τας
912 2702 1016 2788 Θήβας
1027 2705 1080 2768 καί
1094 2701 1128 2770 ια’
1140 2708 1202 2767 τοῖν
1220 2708 1281 2784 Θη-

84 2820 86 2823 ·
174 2790 272 2871 βαίιιν
284 2786 481 2871 στρατόπεδον
496 2793 636 2873 βαδίζειν.
658 2793 720 2852 lem
733 2792 845 2852 iudicet
859 2812 970 2870 aequus
979 2793 1084 2866 lector,
1098 2800 1193 2850 utere
1207 2808 1281 2849 ver-

169 2872 222 2933 bis
236 2874 440 2936 Demosthenis
465 2875 547 2956 (nam
567 2879 606 2937 ad
624 2877 943 2949 verba-Demosthenis
968 2873 1156 2956 provocavit)
1177 2893 1281 2933 veram

170 2958 336 3019 temonem
349 2960 545 3039 stabiliverit,
565 2983 618 3041 ego
634 2983 675 3021 an
688 2963 842 3022 Professor
856 2960 1123 3022 Francofurtensis.
1145 2977 1280 3020 rarior.

172 3043 313 3105 Profecto
328 3054 375 3121 tu,
390 3046 527 3125 Taylore,
550 3068 612 3107 non
631 3048 767 3123 Wolfins,
783 3067 870 3126 quem
885 3066 985 3106 errore
1000 3046 1055 3105 vix
1069 3042 1206 3104 credibili
1221 3064 1280 3124 ap-

173 3129 271 3226 pellas
287 3129 488 3191 Prosessosam
512 3133 808 3206 Francolnrtensem,
826 3150 974 3210 quemque
991 3129 1093 3191 decuit
1114 3129 1152 3188 ob
1171 3147 1281 3206 magna

172 3233 208 3275 an
221 3214 380 3274 Oratorem
390 3217 496 3276 merita
509 3217 668 3276 hmrsanius
681 3217 813 3277 tractari.
835 3235 994 3275 senseras.

258 3317 289 3373 Ρ.
305 3319 376 3380 840.
391 3337 420 3375 v.
437 3323 484 3382 10.
507 3314 604 3403 λόγον]
623 3319 745 3380 Incaute
755 3317 900 3376 scribitur
917 3317 953 3375 ab
968 3315 1097 3396 Ulpiano
1111 3314 1192 3394 (nam
1204 3315 1279 3374 haec

174 3396 334 3479 Ulpianus)
354 3394 461 3480 λόγου,
483 3405 535 3481 qui
551 3405 637 3483 prius
651 3404 809 3483 scripserat
830 3397 1002 3480 ζητήματος.
1024 3400 1183 3459 Accusatio
1202 3399 1279 3458 haee

172 3478 238 3542 sive
259 3483 355 3542 oratio
375 3485 447 3544 duas
468 3488 601 3548 continet
619 3488 813 3566 quaestiones.
838 3487 915 3545 Vide
930 3485 1068 3565 paginam
1084 3483 1278 3563 praeteritam

172 3585 204 3626 v.
218 3571 249 3634 6.
271 3588 401 3628 aanor.
424 3572 539 3646 Quidni
557 3570 670 3654 ζήτημα
684 3571 898 3631 rectedicatua·
914 3565 1026 3652 λόγος]
1048 3589 1207 3629 senseras.
1277 3576 1281 3584 “

258 3688 290 3745 P·
302 3692 375 3753 840.
386 3708 416 3747 v.
431 3694 480 3753 11.
495 3685 701 3772 ἰσχυρότερον]
718 3692 792 3747 Cum
804 3690 887 3748 ttSto
902 3687 1029 3746 Vindob.
1042 3689 1182 3747 restituas
1197 3689 1276 3767 ίσγν-

173 3765 315 3852 ραίτατον.
343 3794 471 3832 rariora.
506 3775 599 3834 Irmno
624 3770 805 3857 ίσχρότατον.
836 3772 1057 3853 Superlativum
1088 3775 1277 3832 commendat

167 3854 254 3934 'quod
284 3857 420 3935 sequitur
441 3852 574 3938 ’μα’λιστα.
601 3880 756 3919 sensenna.

258 3958 289 4015 P·
302 3964 373 4025 340.
389 3981 418 4019 v.
435 3965 484 4025 12.
504 3959 678 4042 ἐπαγγελία]
708 3958 879 4018 Permisceri
905 3960 1073 4039 saepissime
1103 3983 1119 4018 a
1144 3961 1276 4022 librariis

172 4039 261 4100 inter
274 4042 501 4102 describendum
521 4064 611 4104 voces
628 4040 820 4126 ἀπαγγέλλειν
835 4051 864 4101 et
883 4042 1087 4125 ἐπαγγέλλειν,
1108 4045 1140 4103 id
1155 4048 1276 4122 quidem

115 4110 121 4177 ¹.
168 4123 338 4186 'adnotatur
360 4128 503 4187 ainultis.
524 4129 592 4188 Vid.
613 4132 649 4189 cl.
665 4128 864 4189 D‘Orvilliunr
884 4128 921 4185 sd
937 4128 1089 4186 Chariton.
1113 4128 1274 4207 Aphrodis.
1375 4168 1382 4173 -

167 4212 239 4289 &pig
252 4213 324 4275 413.
349 4212 462 4272 alben.
479 4213 517 4273 ad
529 4213 595 4274 Aet.
609 4216 711 4295 Apost.
727 4213 837 4273 xxllt.
851 4218 901 4277 21.
917 4212 1006 4271 nihil
1020 4220 1119 4291 potest
1132 4214 1219 4273 istius
1231 4217 1276 4275 rei

18 4320 23 4325 ·
148 4291 472 4450 Quicni
492 4302 682 4382 exemplum,
713 4320 801 4380 quam
822 4298 903 4378 quod
928 4297 1060 4357 occinuit
1083 4298 1115 4356 in
1136 4299 1274 4380 Ulpiano.
