2774 4740
387 240 462 345 ¹so
491 239 623 303 onir.
655 238 749 304 rao
779 242 970 304 cononi.
1189 248 1254 332 es!

140 434 254 487 eonor
270 405 390 496 lwdeq.
406 413 521 473 Rursus
545 435 576 493 p.
596 418 668 489 238,
689 418 720 479 8.
744 432 801 494 pro
828 419 1103 518 Motpomqqssiaor
1121 409 1232 501 densim
1294 426 1299 436 '
1333 434 1340 451 “

140 492 288 570 ἐπιόντος
304 496 448 556 rescribit
457 497 807 580 idamlnsddoooqsoisec
816 502 936 581 respuis
950 504 1126 579 φθίνοντος.
1146 502 1239 560 Adde

141 583 274 643 eundem
294 583 414 642 Dissert.
432 580 469 640 ll.
481 579 512 660 ᾗ.
529 584 578 647 15.
606 582 826 659 Veruntamen,
846 603 914 641 cum
926 605 1062 664 expresse
1074 596 1245 653 orerentur,

140 669 179 728 in
196 676 328 745 utroque
348 667 416 725 loco
438 666 593 744 verbisque
612 667 811 727 disertissimis
825 668 973 727 mensium
988 670 1161 757 dierumque
1174 690 1233 728 no·

142 753 236 825 mina,
250 771 326 829 quae
339 770 400 809 non
415 751 503 810 facile
515 752 566 809 vel
583 750 792 831 obliterantur
805 753 932 811 ductum
950 754 1054 811 veleb
1071 753 1234 815 sonisimi-
1314 802 1317 811 .

73 830 76 836 ⁴
143 834 478 897 litudinemalibrariis
497 845 527 893 et
551 835 786 915 descriptoribus
801 837 968 915 permutari
980 847 1133 917 poterant:
1155 854 1233 913 cmm

145 921 174 981 si
189 920 265 999 quid
278 929 341 978 erat
352 920 575 995 amovendam,
598 921 731 980 narratio
750 922 851 1001 potius
873 922 911 980 ad
933 923 1093 1000 registrum
1113 925 1236 982 consor-1

82 1020 90 1031 ·
144 1005 258 1066 manda
275 1013 349 1079 erat,
366 1023 455 1082 qaam
471 1003 530 1062 boc
550 1005 588 1062 ab
599 1006 653 1064 illa
672 1005 902 1064 emendandmne
924 1026 993 1064 cum
1011 1007 1114 1064 nullus
1136 1016 1236 1065 textus

145 1110 234 1150 sacer
246 1109 309 1148 esse
323 1097 432 1168 potest,
445 1089 470 1146 si
481 1089 582 1147 verba·
589 1090 810 1170 supputationis
822 1100 884 1148 tam
902 1089 1041 1149 distincte
1047 1100 1197 1149 enarrata
1208 1100 1239 1149 et

145 1184 235 1234 tanta
246 1172 306 1232 fide
320 1172 560 1232 membranarum
583 1174 700 1232 munita
721 1175 842 1235 intem
863 1175 958 1233 aliena
977 1184 1007 1234 et
1027 1184 1089 1232 tam
1110 1174 1239 1254 disparia

145 1259 290 1340 protinus
308 1266 495 1316 mutarentur
511 1277 546 1315 eo
560 1258 637 1333 line,
662 1268 698 1317 ut
708 1279 788 1317 unus
804 1278 842 1317 ex
859 1269 988 1338 utroque
999 1261 1068 1318 loco
1080 1268 1240 1339 computus

147 1343 323 1403 eliceretur:
345 1362 414 1400 oum
429 1341 557 1420 denique
575 1363 637 1401 non
651 1351 769 1418 temere,
787 1365 849 1403 non
863 1363 934 1402 casu
950 1354 1003 1402 aut
1023 1344 1256 1423 exerrsplsrium·
1363 1360 1369 1368 ·

145 1427 244 1502 vitio,
264 1426 316 1485 sed
329 1446 445 1495 manino
464 1426 586 1485 consilio
605 1428 717 1486 factum
739 1448 800 1486 esse
813 1428 1078 1507 deprehendimus,
1096 1437 1133 1487 ut
1145 1428 1241 1486 simile

148 1531 230 1593 pene
245 1511 438 1568 intervallum
452 1511 596 1589 ternporis'
607 1511 804 1570 intercederet
813 1513 895 1571 inter
909 1513 1061 1572 decretarm
1076 1512 1113 1570 de
1125 1511 1241 1573 consti*

150 1595 278 1655 tuendis-
286 1595 391 1672 legatis
403 1603 433 1652 et
445 1594 597 1654 decretum
611 1595 648 1653 de
661 1594 771 1675 vigiliis
778 1595 932 1672 habendis,
946 1598 1032 1675 quale
1044 1597 1130 1654 iuxta
1140 1595 1243 1654 histo·
1286 1617 1289 1621 ’
1323 1638 1326 1643 .

148 1682 228 1742 riam
240 1679 424 1738 intercedere
437 1698 557 1739 necesse
572 1680 640 1755 luit,
651 1700 857 1758 quemcunque
869 1682 989 1740 demum
1002 1690 1177 1761 computum
1190 1680 1240 1737 ἰη-Ι

150 1764 252 1838 iveris,
276 1762 376 1838 idest,
400 1762 463 1821 sive
479 1763 514 1822 id
531 1763 590 1822 liat
608 1764 694 1823 iuxta
710 1766 892 1844 superiorem
917 1767 1075 1842 calculum5
1097 1780 1242 1844 quem-ex

72 1904 75 1908 .
135 1850 317 1908 'Oratorem
327 1846 427 1906 verbis
441 1847 591 1923 elicimus,
611 1849 673 1907 sive
694 1849 781 1908 iuxta
799 1849 1006 1931 posteriorem,
1027 1868 1114 1929 quem
1130 1847 1261 1907 decreti
1348 1890 1351 1895 -

150 1933 245 1993 verba
255 1940 496 2012 repraesentant:
517 1952 586 1991 omn
595 1933 646 2008 ita,
659 1933 789 2011 inquam,
803 1954 833 1992 se
844 1954 892 1993 res
906 1932 1023 2009 habeat,
1035 1928 1149 1993 nollem
1160 1952 1241 2008 sane,

150 2037 227 2098 paee
242 2015 436 2075 eruditissimi
452 2026 541 2095 atque
552 2018 721 2077 amicissimi
735 2019 794 2077 viri
811 2019 948 2094 dixerim,
961 2038 1025 2077 eam
1040 2018 1243 2089 defensionem

151 2103 247 2164 scrisse
260 2110 404 2181 paratam,
428 2098 659 2161 licet'nonnulli
670 2104 802 2178 fortasse,
814 2103 875 2180 qui
892 2113 1024 2165 nostram
1035 2102 1171 2182 legerint,
1186 2120 1243 2159 ne·

151 2206 214 2266 que
230 2184 460 2266 probabiliorem
482 2187 578 2245 multo
603 2203 701 2264 neque
726 2182 934 2265 elegantiorem
956 2198 1009 2246 aut
1028 2187 1245 2246 armatiorem

99 2316 103 2321 .
153 2269 401 2330 existimaverint.
442 2269 509 2328 lloc
521 2280 651 2330 verant
669 2270 784 2329 felicius
800 2271 939 2351 expedire
951 2271 1073 2351 possim,
1088 2272 1178 2329 liceat
1194 2290 1245 2328 ro-

151 2363 356 2437 petes-eatque
365 2353 564 2430 ingeminare,
589 2368 663 2431 quse
683 2355 854 2433 nuperrime
868 2355 947 2428 dixi,
974 2355 1039 2412 scil.
1052 2354 1247 2432 posteriorem

154 2438 309 2499 fflculum
323 2438 452 2498 feliciter
467 2438 612 2496 satiasses
627 2438 820 2513 subductum,
832 2456 928 2514 neque
941 2447 1051 2495 temere
1065 2438 1180 2495 factum
1195 2434 1247 2491 vi-
1277 2448 1280 2453 ·

154 2524 222 2584 deri
234 2523 402 2596 nuttelem,
422 2542 511 2600 quem
530 2543 557 2580 a'
567 2522 724 2582 temerario
747 2532 798 2579 aut
812 2521 957 2581 oscitante
969 2512 1248 2600 soeibaprolsctum

154 2606 398 2688 deprehenderis.
420 2607 503 2678 Quid
518 2605 623 2665 enimi
647 2607 684 2664 ln
698 2607 843 2685 superiori
861 2616 1003 2686 computo
1016 2607 1188 2664 excitantur
1201 2605 1248 2683 le·

153 2693 217 2772 gsti
230 2692 270 2750 ad
285 2691 536 2770 proficiscendum
549 2690 759 2769 llunycbionis
771 2691 820 2750 dic
833 2692 884 2749 lll.
905 2691 1151 2750 Pmlicieountur.
1172 2691 1248 2767 Sps·

153 2779 237 2838 tium
245 2776 328 2835 ultra
341 2775 481 2834 bimestre
493 2785 604 2834 terunt„
625 2776 664 2834 Et
677 2777 769 2853 paulo
786 2772 1007 2854 postriditum‚
1022 2775 1087 2835 scil.
1107 2773 1249 2832 Soirrhoss
1283 2788 1299 2801 ”

145 2860 315 2943 »ρὶιοτίοηὶε
332 2859 380 2918 die
395 2860 526 2935 xxvlt„
542 2858 812 2918 narraturAtbenis
825 2859 1138 2919 cladesPhocensium.
1159 2857 1251 2931 Quod

91 2985 94 2989 -
154 2944 353 3005 intervallum
375 2953 420 3003 est
439 2944 553 3003 dierum
574 2945 695 3004 circiter
712 2944 878 3003 Lxxxtll.
906 2945 974 3002 lam·
992 2954 1106 3020 autem,
1125 2943 1150 3001 ei
1164 2943 1251 3001 iuxta

155 3030 244 3090 hunc
257 3038 434 3108 computum
451 3049 604 3103 nmneres,
622 3030 687 3087 scil.
702 3029 738 3086 sb
750 3028 1015 3088 lleoatombaeonie
1029 3029 1075 3086 die
1088 3028 1197 3086 ultimo
1213 3025 1253 3084 ed

158 3113 415 3174 Maemacterionis
439 3113 517 3172 diem
536 3114 634 3188 XXL,
648 3114 720 3171 dies
743 3113 854 3172 iterum
871 3122 942 3171 sunt
959 3114 1081 3184 LXXX,
1103 3110 1253 3168 levissima
1304 3134 1308 3140 ¹

156 3198 212 3258 vel
227 3197 328 3276 potius
341 3197 427 3277 nulla
442 3198 618 3256 differentia.
647 3197 887 3277 Utrinque'ergo
907 3196 1092 3255 conveniunt
1111 3192 1251 3267 rationes,

157 3293 251 3361 atque
262 3281 430 3341 accuratius
441 3283 571 3361 quidem,
584 3301 672 3361 quam
689 3281 723 3338 in
736 3282 791 3339 tsli
805 3300 838 3348 re
853 3282 896 3338 fas
909 3289 972 3338 erat
985 3287 1166 3358 exspectare.
1187 3276 1254 3335 Ali·

157 3367 236 3447 quid
250 3366 343 3444 igitur
353 3358 443 3442 latet,
470 3366 551 3444 quod
567 3365 619 3442 iis,
641 3383 713 3445 quss
736 3365 817 3438 dixi,
830 3363 983 3423 machinis
1006 3362 1255 3447 expugnari-nan
1293 3388 1295 3392 ⁴

158 3459 272 3532 potest.
292 3450 331 3508 Et
346 3452 494 3530 prolecto,
508 3451 535 3509 si
550 3448 721 3509 Kalendarii
740 3448 836 3508 Attici
850 3448 931 3508 ratio
942 3468 1005 3506 nne
1022 3448 1127 3508 fuisset
1140 3456 1170 3506 et
1181 3469 1261 3529 per-¹
1288 3495 1290 3499 .

161 3545 271 3617 petuo,
294 3554 390 3613 neque
404 3536 473 3594 stilo
489 3544 646 3611 renovata,
669 3554 765 3613 neque
783 3533 935 3592 interdum
955 3533 994 3596 sd
1013 3534 1085 3592 solis
1108 3534 1256 3611 lunaeque

161 3618 230 3677 vias
244 3629 332 3696 atque
353 3619 391 3677 ad
407 3621 622 3679 accuratiorem
633 3619 776 3678 amussim
794 3612 951 3696 diligenter
965 3619 1137 3692 resumam,
1158 3617 1257 3678 credi·

160 3702 260 3764 derim
273 3703 351 3762 illud
364 3703 454 3762 fuisse
465 3703 702 3784 inexpugnabile.
725 3704 840 3784 Verum
852 3701 966 3761 solebat
982 3704 1014 3761 id
1032 3703 1189 3781 aliquoties
1200 3703 1258 3760 fie-

159 3788 206 3849 ri:
241 3796 331 3865 atque
343 3808 421 3846 arina
450 3788 534 3848 cirili
550 3788 790 3863 Atheniensium,
807 3788 872 3869 vqui
893 3787 1084 3864 indiligenter
1104 3787 1174 3846 eatis
1195 3793 1259 3845 erat

161 3873 332 3946 confectus,
346 3872 393 3929 uti
408 3893 484 3953 opus
497 3883 561 3933 erat
573 3873 711 3948 maxime,
729 3873 773 3932 its
785 3874 845 3932 us'u
860 3871 945 3930 venit
955 3871 1141 3950 saepissime,
1156 3879 1193 3928 ut
1207 3869 1258 3928 in-

161 3955 412 4017 tercalationibus
435 3957 579 4038 novisque
598 3958 848 4038 supputationum
868 3956 981 4015 artibus
999 3955 1157 4035 pristinam
1179 3953 1259 4035 anti·
1372 3963 1375 3970 “

162 4058 316 4122 quamque
335 4042 461 4103 formam
474 4060 644 4121 moremque
661 4040 840 4102 numerandi
853 4040 982 4100 subinde
996 4048 1135 4099 verteret.
1148 4039 1200 4098 lis
1208 4060 1259 4100 ra·

163 4125 423 4203 tionecontigisse
434 4127 544 4207 potuit,
554 4137 599 4201 ut,
613 4125 929 4206 immutata-paulatim
944 4124 1021 4184 acie
1035 4125 1169 4204 computi
1183 4124 1260 4183 civi-

165 4209 216 4286 lis,
231 4209 314 4286 sive,
336 4211 420 4289 quod
431 4230 538 4273 rerum
560 4228 623 4271 esse
633 4211 778 4288 srbitrorj
799 4210 832 4271 id
845 4209 1023 4271 auctoritate
1036 4209 1157 4291 publica
1171 4209 1262 4270 eunti]

1322 4412 1354 4439 ιΙ
