2774 4740
289 244 348 304 sn
370 244 502 305 onir.
524 242 581 302 or
602 234 726 303 nisu
748 243 898 306 orsus
918 247 1084 335 incer.
1103 254 1121 283 ι·
1168 250 1231 317 ros
1369 224 1377 241 ‘

139 447 145 457 ¹
224 411 256 478 P·
273 414 344 476 347.
358 430 389 468 v.
404 415 455 474 33.
473 403 649 488 διδάσκειν]
670 410 808 469 Putarem
828 400 966 487 διδαξαι,Ι
985 411 1066 491 quod
1088 414 1163 495 (non
1185 406 1232 478 di·

140 486 276 574 dolesco)
298 504 343 554 est
362 493 506 555 docuisse.
527 494 594 553 Alis
611 495 689 553 ratio
710 505 754 553 ost
771 498 827 556 rosi
840 489 973 571 ἐκρέειν,
991 498 1072 575 quod
1087 518 1160 558 mox
1182 521 1232 559 se·
1247 560 1250 565 ,
1296 496 1302 505 ’

140 577 252 659 quitur.
272 598 445 640 musso.
458 579 553 637 lmrno
569 579 670 636 eedem
686 579 764 638 rstio
778 588 823 638 est
839 580 993 639 amborum
1003 581 1231 644 infinitivorum.

141 663 261 723 Scilicet
272 663 484 722 Demosthenes
500 672 612 722 motum
631 661 786 721 Aeschinis
809 664 973 723 orationem
985 666 1076 724 vertit
1096 666 1130 727 in
1151 669 1230 728 obli-

141 767 247 826 qnsm3
261 747 379 806 dixerat
394 757 492 808 autem
501 744 675 806 Aeschines:
691 741 821 810 διδάσκω
837 744 890 810 τᾶν
900 750 1051 811 utimum
1062 784 1112 812 -.
1129 746 1231 816 modo
1340 780 1344 787 ’

139 825 355 911 τῶνΕὕβοέαν
375 864 428 893 -.
451 842 607 891 sonneras.
726 867 730 874 ·
1125 879 1128 885 .

222 917 255 975 P.
266 921 336 981 347.
351 936 380 975 v.
391 922 442 982 26.
463 915 526 1017 not]
550 915 670 975 Omittit
680 916 807 994 August.
823 916 981 974 secundus.
1001 937 1097 976 uersu.
1214 980 1216 984 Α

222 1001 339 1081 Itali.
352 1020 382 1060 u.
395 1007 445 1067 26.
466 1023 600 1082 χρηματα
608 1032 652 1046 -
661 997 917 1081 ἐπικεκηρυχέναι]
932 1002 1127 1060 Proclama
1134 1022 1231 1082 peon·

141 1086 227 1143 nium
242 1096 350 1142 'corstra
368 1087 499 1165 aliquem
518 1085 640 1164 proprie
660 1084 821 1161 significet,
837 1084 901 1142 sive
918 1084 944 1143 is
959 1085 1049 1144 vivus
1064 1086 1232 1146 adducetur
1334 1110 1341 1120 ¹

141 1168 389 1248 sdsupplicium,
411 1171 473 1229 sive
482 1169 689 1227 interficiatur.
711 1169 748 1241 Q.
764 1167 884 1227 Cmtius
899 1168 951 1226 lib.
964 1173 994 1232 3.
1008 1171 1130 1229 Darius
1149 1172 1232 1230 mille

141 1253 259 1311 talenta
271 1252 629 1329 interfectoriAIexondri
642 1251 790 1310 daturum
801 1274 832 1310 se
840 1256 1042 1331 pronunciari
1054 1255 1232 1315 irssserot.id

142 1346 200 1411 est,
215 1333 475 1417 έπεκεκηρύχειτῶ
490 1330 670 1421 Ἀλεξάνδρῳ
686 1339 766 1416 χίλια·
779 1332 915 1398 τάλαντα.
937 1357 1035 1397 wosr.
1054 1339 1178 1417 Moneo,
1194 1349 1231 1398 ut

142 1422 336 1483 conserantur
357 1442 430 1500 quus
448 1400 538 1480 hehet
557 1421 756 1501 Harpocratio
775 1441 806 1480 v.
823 1415 1082 1501 Ἐκεκεκηραγέναι
1101 1444 1169 1483 cum
1187 1442 1230 1503 σγ.
1311 1449 1314 1457 ·

141 1505 181 1565 sd
199 1504 274 1566 hsec
293 1507 384 1566 rerba
405 1505 619 1565 Demosthenis.
645 1504 737 1578 Quod
757 1525 828 1564 sone
848 1503 1001 1563 scholium
1022 1507 1181 1567 scitissime
1201 1516 1232 1566 et

141 1591 267 1650 solerter
281 1591 454 1651 emendatur
467 1612 485 1648 s
497 1590 565 1649 viro
584 1589 757 1651 doctissimo
771 1588 927 1648 Animadv.
942 1589 981 1647 od
993 1590 1130 1670 Aeschyl.
1143 1592 1168 1651 1.
1182 1596 1231 1657 19.

140 1673 256 1753 Interea
269 1675 402 1735 demone
415 1676 474 1734 isto
489 1684 519 1733 et
530 1675 594 1734 ritu
606 1674 812 1754 proscribendi
824 1674 970 1731 nonnulla
989 1672 1077 1733 hahet
1095 1695 1158 1735 non
1179 1675 1232 1735 in·
1329 1698 1331 1703 ⁴

141 1759 215 1833 scitu
227 1770 278 1819 aut
288 1760 452 1820 iniucunda
464 1758 651 1835 doctissimus
663 1759 701 1818 H.
715 1757 849 1818 Valesius
862 1758 901 1817 sd
914 1758 1089 1837 Harpocran
1111 1759 1144 1821 iu
1157 1780 1231 1818 voce

142 1842 305 1923 iterumque
322 1846 360 1903 ad
382 1866 445 1924 pag.
460 1849 529 1910 179.
550 1844 651 1902 Notsr.
664 1843 819 1902 Moussaci.
839 1841 997 1902 Hominem
1015 1852 1115 1902 tumen
1127 1844 1229 1920 miror,

142 1928 194 2007 qui
214 1930 247 1987 in
266 1937 396 2008 utroque
420 1930 488 1988 loco
508 1927 678 1987 existimare
691 1927 801 2007 potuit,
818 1924 972 1987 Thebanos
986 1926 1037 1987 hic
1051 1936 1143 2008 caput
1157 1928 1230 1988 Phi-

140 2010 219 2090 lippi
237 2013 335 2091 prctio
354 2013 517 2089 devovisse.
544 2013 613 2070 Non
633 2011 714 2079 enim
731 2011 827 2087 istius,
844 2010 897 2071 sed
908 2010 1061 2071 Aeschinis
1074 2013 1231 2090 licitatum,

141 2094 168 2153 si
188 2097 262 2174 quid
276 2117 328 2173 ego
347 2097 449 2170 videre
461 2095 581 2176 possim.
601 2116 729 2157 riruos.
752 2094 923 2155 (litat-huno
938 2096 1040 2155 locum
1055 2097 1230 2177 Harpocrst.

141 2198 171 2239 v.
189 2179 439 2261 ἐπικεκηρυχέναι.
459 2201 554 2241 mex.

224 2266 257 2323 Ρ.
271 2271 384 2331 τινα.
397 2272 447 2330 26.
469 2259 566 2347 step]
590 2261 682 2347 αντμ.
702 2262 738 2322 v.
756 2282 787 2341 p.
801 2266 873 2337 ess,
890 2267 956 2338 rs,
970 2261 1023 2321 ubi
1036 2272 1081 2321 est
1094 2256 1231 2343 χρήματ’

141 2349 246 2433 tempi.
273 2369 447 2409 munseo.
474 2341 616 2431 χρήμαθ’
635 2347 732 2430 §auspi
756 2346 827 2404 Cod.
848 2346 914 2405 Itsl.
935 2347 1182 2426 nostriqueven.
1202 2356 1232 2406 et

141 2434 227 2497 Lino.
250 2454 380 2493 rinnon.
399 2426 536 2515 χρήμαθ’
556 2430 655 2516 έαντρῖ
673 2430 798 2491 Bekker.
820 2430 856 2489 V.
868 2439 931 2489 not.
943 2428 981 2491 sd
992 2434 1108 2512 poet,
1120 2434 1150 2499 6.
1174 2433 1231 2491 lies

136 2515 398 2581 'commemoretur'
413 2519 501 2577 etiam
515 2539 546 2598 p.
559 2519 638 2599 380,1
652 2520 681 2582 8.
697 2534 857 2575 conseres.

227 2603 258 2662 P·
273 2607 345 2669 347.
356 2623 386 2663 v.
401 2608 452 2670 27.
472 2598 693 2684 τεταραγμένων
707 2598 758 2661 καὶ
771 2596 1010 2680 πεφοβημένων]
1028 2599 1116 2680 Vulg.
1137 2622 1231 2680 πεφα-

141 2686 280 2770 βημένων
301 2686 353 2749 κα]
370 2685 600 2769 τεταραγμένων.
622 2680 804 2764 Τεωιεμοταί
822 2683 915 2749 verbo
933 2685 971 2744 de
989 2705 1055 2744 meo
1077 2684 1230 2745 arbitratu.

141 2793 238 2833 ursis.
252 2772 384 2832 Priorem
397 2771 532 2831 ordinem
545 2770 620 2827 benc
635 2768 767 2827 restituit
777 2768 902 2827 Bekker.
910 2768 945 2838 V.
953 2777 1016 2845 net.
1024 2791 1066 2850 sq.
1074 2790 1231 2831 scuteriis.

151 2888 158 2913 1
211 2856 249 2917 'P
274 2862 344 2922 347.
359 2877 389 2916 v.
404 2862 456 2924 28
476 2852 534 2936 τήν
546 2850 620 2934 τιρός
634 2848 690 2933 την
706 2889 742 2900 -
758 2850 969 2935 γεγενημένην]
986 2854 1018 2913 F.
1032 2850 1232 2937 διατήντιρᾶς

139 2936 197 3021 silv
252 2939 461 3023 γεγενημένην.
481 2957 654 2999 mmmm.
675 2936 770 2997 Aliter
783 2958 851 2997 sane
861 2937 1039 2997 insolentior
1048 2938 1145 3001 videri
1155 2960 1230 3019 pos-

135 3034 186 3091 ¹set
201 3034 361 3085 structure.
381 3024 495 3084 intereo
506 3032 605 3081 muron
619 3016 698 3097 vido,
715 3040 789 3101 qupe
800 3041 873 3079 mox
887 3021 1063 3080 odnotumus
1073 3022 1112 3081 ud
1120 3044 1151 3103 p.
1159 3028 1231 3089 366.

142 3130 273 3172 rsruon.
295 3110 451 3169 Structuro
464 3118 500 3167 ut
512 3105 688 3175 insolentior
701 3105 747 3180 sit,
761 3114 861 3164 temen
876 3102 950 3162 bene
962 3104 1074 3163 Grsecu
1089 3115 1147 3166 est:
1162 3125 1231 3165 cum

142 3195 221 3259 nim
235 3187 433 3273 ταράττεσθαι
445 3192 542 3251 valent
559 3189 639 3248 idern
656 3191 736 3267 quod
756 3190 920 3268 φοβεῖσθαι
939 3186 1021 3271 (nom
1040 3189 1150 3249 Orator
1169 3188 1230 3249 duo

141 3278 232 3338 verba
248 3278 324 3336 idem
339 3276 535 3355 significantis
550 3271 727 3352 usurpavit),
742 3272 816 3350 quid
833 3271 942 3330 mirum
954 3268 1014 3330 imo
1032 3294 1101 3333 cum
1113 3274 1230 3355 signifi7

143 3364 258 3422 cutione
278 3363 458 3442 participare
484 3357 760 3418 constructionem?
786 3352 851 3423 vid,
864 3375 939 3435 quse
959 3377 1057 3439 nuper
1072 3350 1177 3439 scripsi
1191 3359 1230 3419 od
1276 3382 1278 3389 ·

141 3446 265 3507 Porsoni
279 3446 404 3505 Oresten
415 3468 445 3527 p.
459 3446 509 3511 75.
522 3442 593 3503 edit.
604 3450 673 3501 tert.
683 3440 763 3521 Lips
778 3439 939 3519 itemquae
951 3442 989 3501 ud
999 3442 1132 3503 llledeusn
1142 3450 1229 3523 pat.

140 3550 296 3592 scumrsn.

178 3642 183 3655 ¹
225 3616 257 3675 P.
271 3618 342 3682 347.
355 3636 383 3672 v.
398 3620 447 3682 28.
469 3608 526 3694 τὴν
541 3606 614 3694 πρὸς
627 3605 684 3690 τήν
697 3642 736 3654 -
752 3604 979 3693 γεγενημένην]
990 3608 1034 3670 lle
1050 3610 1107 3671 hac
1124 3610 1229 3671 inrer-

142 3700 224 3761 sione
239 3698 469 3759 constructionis
482 3719 512 3758 v.
526 3705 589 3756 not.
603 3693 682 3774 adp.
697 3698 769 3769 323,
787 3699 835 3760 18.
856 3713 1012 3753 soumis.

223 3784 256 3844 P.
270 3787 341 3851 343.
353 3802 382 3841 v.
400 3790 426 3849 t.
448 3780 500 3845 sol
509 3774 669 3863 isydvsosv]
693 3780 740 3836 Ex
753 3776 883 3837 editione
891 3778 1054 3856 Lutetions,
1067 3778 1149 3839 MSS.
1157 3778 1229 3861 Aug.

142 3874 172 3929 et
183 3868 268 3931 Harl.
288 3870 403 3926 Desunt
418 3867 450 3926 in
464 3864 593 3926 coeteris.
616 3882 748 3924 cirson.
770 3861 866 3921 Verba
879 3860 952 3922 haec
971 3872 1043 3922 sunt
1060 3863 1093 3922 in
1101 3864 1228 3951 rAugust.

96 3944 101 3951 ¹
179 3954 239 4015 imo
258 3962 287 4012 et
303 3951 442 4012 secundo.
471 3950 529 4009 Sed
550 3949 757 4016 desiderentur
778 3946 811 4005 in
832 3946 975 4005 storico
999 3956 1028 4006 et
1051 3938 1193 4007 editionib

181 4038 221 4115 di,
242 4040 275 4099 P.
287 4036 415 4098 hisnutii
429 4045 458 4095 et
471 4036 603 4110 coeteris,
625 4042 661 4092 ut
675 4032 717 4090 uit
733 4030 887 4111 Teylorus.
909 4042 1005 4089 nsisx.
1025 4032 1115 4117 llecte
1130 3968 1231 4093 umidi

141 4118 283 4181 Bellen:
313 4144 382 4181 nmn
405 4119 570 4180 orationem
586 4125 711 4197 gravent
730 4114 967 4197 intolerabiliter.
990 4110 1078 4189 Quod
1092 4115 1118 4175 si
1133 4118 1230 4179 solum

142 4198 289 4289 λεγόντων
308 4208 475 4286 legeretur,
496 4204 574 4263 nihil
593 4210 668 4261 esset
687 4220 791 4259 censue
813 4220 866 4258 cur
887 4218 1100 4278 sperneremus.
1119 4199 1230 4261 Proxi-

143 4308 227 4351 mum
241 4286 409 4373 despondet
423 4290 460 4351 ah
474 4289 627 4350 infinitivo
642 4274 764 4349 α’κνεέειν
777 4288 885 4366 pedi?
893 4328 902 4360 ,
915 4289 967 4349 27.
988 4296 1149 4346 emanso.

943 4402 1026 4470 Est.
