2774 4740
152 200 225 269 260
518 197 885 262 Annottrtottrs

244 370 278 431 Ρ.
289 373 362 438 288.
372 386 402 430 v.
416 371 443 436 1.
463 367 664 453 διμιιημένοι]
697 362 900 451 διοικούμενοι
921 369 1082 449 Dionysius
1095 368 1248 431 Halicsns.

159 453 263 537 μω,
275 476 337 515 non
349 476 381 536 p.
393 457 445 520 44.
464 473 562 516 ssssx.
627 457 632 467 '

242 557 357 623 2288.
368 574 398 615 v.
412 559 441 621 8.
471 549 697 636 προσχήματος]
731 555 865 639 Simplex
894 550 1041 637 σχήματος
1060 551 1134 614 dant
1154 556 1248 616 Psris.
1304 594 1308 599 -

158 639 290 723 primus,
311 640 436 719 August.
457 640 587 719 primus,
616 640 764 699 Wolfenb.
790 639 918 700 vindob.
946 640 1070 719 Dionys.
1096 640 1247 700 H'slicsrn.

160 745 255 784 ιιιιιιι.
275 725 366 783 Recto
381 723 470 783 hebet
481 725 610 801 vulgate.
618 735 796 804 praetexere:
811 746 878 785 cum
892 725 1049 784 videamur
1061 725 1154 803 mgis
1166 725 1248 785 The-

158 809 307 868 bsnorum
320 828 408 886 quam
421 817 523 866 nostra
540 827 628 867 cause
641 808 701 868 hoc
716 811 822 869 iecere.
843 829 1000 870 scissem.
1083 862 1088 881 ,

242 911 274 968 Ρ.
286 902 401 975 888.ιῖ
410 913 439 973 2.
461 903 514 971 ἐιῖν
527 903 560 970 δ’
575 905 636 990 ipa
648 905 896 989 -ιιατατνχεῖν]
925 905 966 970 its
983 903 1015 970 δ’
1037 904 1097 989 ἄρα
1113 905 1160 993 psi
1171 904 1246 994 τύχῃ

157 992 318 1073 Dionysius
331 991 481 1052 Halicsm.
495 1014 525 1073 p.
540 997 591 1061 66.
611 995 670 1054 Pro
682 1005 834 1074 postremo
852 993 1000 1055 vocabulo
1023 992 1076 1051 det
1090 999 1247 1072 κατασχεῖν

158 1076 249 1136 Poris.
271 1084 381 1137 sextus.
402 1074 476 1149 saepi
499 1071 592 1158 τύχην
615 1078 705 1139 Psris.
723 1078 881 1158 septimus,
905 1078 1030 1155 August.
1052 1076 1200 1137 secundas
1215 1086 1246 1136 st

157 1171 300 1241 quartus,
319 1161 499 1220 stssicus:
519 1163 571 1220 sed
590 1162 624 1220 in
642 1162 704 1222 hoc
723 1184 741 1220 ι
760 1182 838 1222 nova
853 1182 945 1221 mersu
955 1161 1191 1242 superscriptum
1202 1170 1246 1220 est

156 1268 202 1328 γρ.
222 1243 274 1308 καῖ
292 1252 472 1325 κατατυχεῖν.
513 1253 686 1350 ιιατατνριῖν
710 1257 755 1306 est
774 1250 904 1327 speratis
922 1256 952 1304 et
972 1247 1123 1325 quaesitis
1134 1246 1244 1325 poteri.

156 1329 285 1389 Videtur
293 1338 393 1389 tamen
402 1330 493 1391 lectio
508 1327 583 1393 sceti
595 1354 706 1412 τνχρν,
719 1336 818 1391 nescio
834 1352 896 1411 quo
912 1332 1142 1407 casafortus'to,
1154 1349 1244 1409 prae·-

29 1464 31 1469 ,
156 1423 244 1473 stare.
256 1433 354 1473 ιιιιιιιι.
375 1415 442 1474 Νοιι
454 1424 604 1495 praestat·
613 1415 704 1475 Hunc
716 1418 826 1493 locum,
850 1415 908 1476 nisi
921 1415 1027 1491 sallon,
1038 1412 1244 1494 respexistis

126 1548 130 1559 .
156 1499 280 1579 sychius
296 1500 329 1558 Τ.
340 1498 377 1561 tt.
392 1521 417 1559 c.
433 1504 502 1567 188.
517 1505 708 1581 Κατατυχεῖν.
730 1501 886 1581 ἐπιτυχεῖν.
908 1519 1064 1560 sommus.

238 1600 270 1659 P·
283 1604 356 1667 288.
368 1620 398 1659 v·
409 1607 439 1667 3.
461 1596 501 1663 ἄν
514 1634 555 1647 -
571 1595 795 1683 ἐξαμάρτωσιν]
822 1603 881 1663 Pro
902 1600 1000 1680 prims
1018 1618 1095 1658 vace
1115 1598 1167 1657 σοι
1185 1597 1244 1657 Pe·

153 1683 205 1745 1'is.
222 1685 338 1763 primus
354 1680 419 1760 tcto,
433 1705 489 1762 pro
504 1695 654 1764 postrema
667 1686 771 1746 Venst.
785 1679 1037 1765 ἐξαμαρτάνωσιν,
1060 1681 1244 1765 quodetiam

154 1767 188 1826 in
200 1768 311 1826 Aldina
324 1769 446 1847 Taylori
460 1769 574 1848 reperi:
599 1788 667 1829 cum
679 1791 737 1848 quo
757 1770 907 1830 consentit
918 1767 1079 1847 Dionysius
1102 1766 1145 1825 sic
1164 1764 1244 1825 reci-

146 1861 238 1929 tans,
261 1850 300 1915 ἄν
321 1876 350 1914 τι
369 1848 627 1934 ἐξαμαρτάνωσιν,
648 1855 757 1913 omisso
778 1859 845 1917 ὥν.
866 1874 963 1915 αιτιοι.
1003 1843 1244 1930 ἐξαμαρτάνωσιν

153 1934 279 1997 Bekkor.
304 1937 440 1997 Psuefero
457 1938 608 1996 corutum.
629 1937 752 2018 siquid
768 1960 852 1997 nunc
871 1934 1063 2017 deliquerint.
1084 1953 1243 1995 scissem.

239 2039 271 2097 P.
285 2043 357 2104 888.
369 2059 400 2097 v.
415 2040 444 2104 5·
465 2029 550 2118 ἡμῖν]
571 2035 646 2118 ὖμῖν
660 2040 783 2119 August.
800 2039 957 2098 socundus.
981 2035 1068 2118 ἡμεῖς
1083 2033 1243 2114 Dionysius

153 2132 251 2183 totum
267 2123 370 2183 locum
392 2123 436 2182 sic
454 2124 599 2183 recitans:
626 2121 713 2204 ἡμεῖς
741 2122 774 2188 δέ
798 2121 893 2204 pictis
917 2118 1036 2203 αἰσχρὸν
1054 2119 1131 2201 μηδὲ
1148 2112 1244 2181 mir

90 2272 93 2277 ,
154 2200 326 2287 α’φθείημεν
338 2206 537 2289 πεπεισμένοι.
554 2228 653 2268 uctsx.

237 2310 269 2368 P·
283 2313 354 2376 288.
370 2330 399 2368 v·
412 2314 442 2375 6.
465 2307 501 2393 τα
520 2302 737 2406 παραπλήσια]
765 2308 852 2389 Vulg.
871 2301 1072 2392 παραπλήσια.
1093 2301 1130 2367 roi
1147 2326 1242 2383 παρα-

151 2386 266 2474 πλήσια
282 2392 406 2471 August.
421 2402 554 2472 quartus.
575 2390 612 2455 rei
625 2393 737 2455 addidi.
750 2414 845 2454 nerse.
872 2394 951 2456 Bene
965 2390 1128 2451 omiserunt
1141 2388 1240 2444 Wun-

153 2476 293 2537 derliclrii
311 2477 460 2556 posterior
479 2487 508 2536 et
526 2479 651 2540 Bekker.
685 2477 767 2538 Adeo
788 2488 929 2558 appetens
956 2472 1079 2534 articuli
1102 2469 1241 2529 Rciskius

151 2558 210 2621 hec
222 2560 256 2619 in
268 2560 398 2619 formula
414 2560 481 2637 fuit,
501 2571 535 2620 ut
547 2561 635 2621 etiam
654 2560 820 2622 tacentibus
836 2558 923 2620 libris
939 2555 1100 2618 inferciret.
1120 2555 1157 2613 V.
1176 2560 1240 2615 not.

152 2644 189 2705 sd
206 2665 238 2727 p.
252 2649 322 2719 309,
337 2648 389 2708 20.
409 2665 566 2705 senseris.

115 2797 117 2801 ,
235 2729 268 2788 Ρ.
284 2733 356 2795 288.
368 2749 398 2788 v.
413 2736 443 2795 8.
465 2723 523 2791 ουίι
544 2724 630 2794 εἶπον
651 2725 708 2812 μέν
726 2752 753 2791 ιι.
767 2750 792 2790 τ.
807 2724 855 2807 L]
886 2723 1009 2787 Schema
1022 2722 1154 2784 notabile
1173 2732 1201 2781 et
1222 2743 1241 2779 a

151 2812 254 2872 multis
277 2812 412 2871 certatim
436 2814 600 2876 laudatum.
624 2813 731 2893 Aquila
745 2814 896 2872 Romanus
910 2829 978 2890 pag·
991 2812 1056 2874 et:
1079 2807 1239 2884 „Cliniam

151 2897 233 2977 quod
251 2897 359 2958 Graeci
378 2908 505 2974 vocant,
528 2898 693 2957 adscerssus
713 2894 883 2957 nominetur
904 2915 922 2952 s
942 2894 1037 2955 nobis.
1064 2892 1142 2952 Molo
1159 2891 1241 2949 enim

151 2980 326 3041 adscensum
345 2998 433 3061 quam
447 2984 557 3043 aculam
571 2993 623 3042 sut
640 2980 824 3060 gradictssos,
848 2977 1029 3058 etquidem,
1046 2977 1157 3037 dicere.
1184 2974 1241 3033 Est

151 3076 250 3127 autem
270 3067 365 3145 figens
382 3088 526 3147 perquam
548 3069 656 3128 decors
669 3077 705 3126 ct
723 3086 741 3127 s
757 3064 955 3125 Demosthene
968 3062 1187 3123 commendata:
1205 3057 1240 3117 in

151 3170 209 3231 qus
220 3161 403 3230 postremum
419 3152 558 3232 quodque
569 3152 695 3211 verbum
708 3150 741 3210 in
754 3150 856 3231 priore
873 3149 1003 3208 membro
1019 3156 1070 3206 sut
1080 3155 1166 3227 parto
1178 3144 1240 3201 sli-
1285 3166 1288 3171 ·

151 3256 210 3314 qua
221 3236 397 3294 elocutionis
408 3237 539 3316 positum
550 3237 583 3295 in
603 3234 775 3298 inferiorem
792 3254 896 3294 rursus
917 3241 1079 3292 assumtum
1094 3228 1240 3303 inficitur,
1290 3236 1297 3243 '

151 3329 239 3397 atque
262 3320 305 3377 its
328 3321 411 3379 velut
429 3321 569 3400 gradibus
589 3322 766 3401 quibusdam
781 3319 972 3379 connectitur
993 3312 1087 3374 oratio
1104 3310 1241 3371 adhunc

150 3402 288 3465 modum:
314 3424 425 3483 ponem
453 3405 533 3464 enim
558 3406 657 3486 ipsum
680 3404 936 3465 Demosthenicum
954 3415 1089 3457 versum:
1119 3398 1161 3454 Et
1177 3416 1241 3454 ιιοιι

151 3485 437 3567 dixihaecqtsidem,
451 3511 513 3548 nors
522 3502 623 3549 autem
630 3493 750 3569 scripsi,
764 3506 818 3546 rsec
826 3485 937 3562 scripsi
948 3480 1078 3565 quidem,
1090 3501 1152 3538 ιιοιι
1159 3502 1238 3560 pro-

142 3575 249 3652 fectus
260 3594 330 3630 sum
339 3584 440 3631 autem
455 3573 500 3632 ad
511 3576 701 3655 legationem,
715 3582 769 3630 nic
778 3571 938 3650 profectus
949 3564 1080 3645 quidem,
1094 3587 1154 3622 non
1163 3586 1239 3644 per-

140 3660 240 3715 suasi
252 3668 354 3715 aretem
368 3659 530 3721 Thebanis.
545 3659 604 3717 Hic
613 3655 834 3729 animadvertis,
844 3661 957 3730 quanto
963 3651 1068 3712 elatius
1076 3650 1158 3708 dicta
1166 3650 1237 3725 sint,

151 3762 240 3822 quam
254 3741 278 3801 si
293 3742 470 3822 simpliciter
481 3735 681 3802 enuncissset:
706 3742 748 3798 Er
763 3737 830 3796 dixi
840 3737 930 3810 iaec,
954 3746 983 3793 st
1001 3737 1126 3814 scripsi,
1152 3745 1180 3791 et
1202 3737 1238 3793 ιἰι

139 3828 329 3906 ·Isgationem
337 3828 497 3905 profectus
511 3848 589 3899 sum,
608 3837 635 3883 et
644 3824 791 3904 persuasi
810 3821 972 3882 Thebanis.
1005 3820 1055 3878 Sic
1065 3820 1103 3878 tt.
1118 3818 1238 3878 Tullius

148 3930 207 3991 pro
229 3911 355 3983 Milone:
390 3912 494 3989 Neque
510 3930 579 3969 vero
600 3931 631 3969 se
644 3909 763 3990 populo
783 3908 899 3980 scirem,
927 3903 1095 3964 sedetiam
1114 3906 1238 3962 senatui

149 3998 309 4071 commisit,
323 4014 376 4052 nec
385 3996 507 4053 senatui
517 3992 617 4072 niodo,
640 3992 794 4053 sedetiam
802 3991 939 4073 publicis
952 3986 1122 4071 praesidiis
1137 3997 1165 4046 et
1180 4007 1235 4044 cr·-

138 4081 219 4153 ταῖν,
234 4100 329 4159 neque
338 4078 388 4136 isis
402 4089 540 4154 tarnum,
554 4078 609 4138 sed
620 4084 713 4142 etiam
731 4083 797 4138 eius
803 4077 963 4158 potestati,
982 4076 1035 4131 eui
1046 4082 1171 4131 smatm
1185 4081 1233 4128 to-

150 4174 216 4221 tam
227 4186 319 4245 remp.
333 4166 491 4223 commisit.
504 4198 543 4209 -
556 4164 677 4245 Egregie
692 4175 791 4224 sutem
808 4172 852 4236 ct,
868 4169 903 4219 ut
917 4157 989 4219 mihi
1004 4157 1141 4229 videtur,
1164 4155 1236 4214 feli-

138 4248 225 4310 ·citer
239 4248 371 4310 Licinius
384 4251 491 4311 Celeris
503 4249 536 4311 in
548 4250 717 4317 Vatinium:
738 4252 808 4312 Non
823 4267 892 4325 ergo
905 4245 1111 4327 pecuniarum
1131 4242 1236 4320 magis
