2774 4740
287 245 345 308 AD
374 244 507 311 ORAT.
535 243 595 307 DE
612 243 734 307 uiuit
756 243 904 307 ursui
923 241 1088 307 auctr.
1173 242 1235 311 897

133 429 236 495 actae,
259 428 291 478 et
299 417 480 479 Aeschinem
499 427 547 478 tot
566 415 718 496 suffragiis
737 439 799 478 esee
812 411 996 495 ahaoiutum'‚
1017 418 1101 500 'quot
1116 417 1235 477 Idome-

138 526 214 565 neue
230 505 282 563 ille
296 506 378 602 apud
391 503 585 581 Plutarchum
603 504 693 562 modo
708 505 866 564 memoriae
879 465 1024 585 prodidit.
1051 503 1237 565 adhibeatur

138 588 302 649 Aeschini
293 611 353 690 epar
345 589 457 665 ’,Ειλεε
477 589 502 648 εἰ
516 610 572 667 qua
591 588 630 646 ait
648 589 747 647 sulca
738 610 771 648 m
784 591 942 689 Epistolia,
934 590 1112 695 ‚quaeilli
1119 585 1236 647 adacti·

139 675 267 735 buntur:
286 668 386 754 ἐφάνη
407 672 467 737 δὲί
464 691 538 749 σως,
559 667 607 751 ἐφ’
627 667 673 746 οἰς
692 667 909 756 κατηγορήθην
929 696 1075 756 προτερον
1091 669 1152 735 υτιδ
1174 677 1237 751 An·

139 759 366 858 μοσθίνσυς-
382 753 420 820 σά
441 754 548 863 μικρὸν
570 757 649 830 εἰς
627 761 708 835 υμᾶς
725 759 829 842 δεῖγμα
839 764 928 822 τοῦτο
941 781 995 821 του
983 762 1110 831 καλῶς
1121 754 1172 836 ἐμὲ
1182 778 1236 819 τισ-

132 837 327 920 λιτεόεσθαι,
353 865 402 906 οτι
421 838 492 905 οάδδ
510 841 730 921 Δημοσθένους
746 849 985 923 κατηγοροῦντος
1006 837 1111 905 ἑάλων.
1142 839 1236 919 Epist

138 928 208 988 xit
229 928 447 1005 Argumentum
459 926 615 987 Plutarchi
633 927 751 986 elumbe
771 947 841 987 auree
859 935 904 985 et
910 927 1081 1003 inficetum,
1103 935 1259 1000 tremum·

86 1003 92 1013 ’
138 1013 204 1073 acil.
222 1036 238 1070 a
253 1013 370 1072 silentio
390 1011 514 1070 huiusce
533 1011 730 1070 accusationis
747 1033 802 1092 per
816 1022 911 1071 totam
930 1011 967 1071 dc
987 1031 1098 1070 corona
1112 1019 1238 1069 cantro·

139 1098 284 1172 versiam,
305 1098 380 1156 heae
393 1098 505 1157 refutat
518 1106 620 1156 noster
636 1096 778 1173 Wolfiua,
800 1097 870 1156 dum
889 1107 1105 1156 commentatur
1115 1094 1154 1153 ad
1165 1116 1238 1154 ora·
1269 1166 1278 1180 ,

139 1183 253 1241 tionem
267 1182 377 1240 illam
367 1203 401 1240 in
416 1182 511 1240 initio.
539 1182 579 1239 Et
592 1181 800 1256 inhumanae,
826 1183 904 1240 uude
928 1182 1078 1260 adriperet
1091 1180 1238 1261 Ulpianus

139 1267 223 1326 iatud
234 1261 406 1341 α’νέκδοτον,
421 1267 486 1324 scil.
505 1261 651 1342 ἰστέον,”
632 1289 679 1328 στι
695 1262 834 1371 ἰντοότρι
848 1290 888 1352 τρι
876 1269 999 1370 χωρίῳ
1012 1264 1136 1348 (acihp'.
1152 1270 1237 1341 401,

139 1351 193 1410 uhi
207 1352 304 1429 amtor
315 1351 354 1409 do
365 1351 542 1409 muliercula
547 1346 759 1453 'Olynthius
739 1376 778 1415 αν
778 1330 906 1430 ἔστησαν
919 1375 949 1413 οι
941 1329 1101 1413 δικασταί
1114 1372 1165 1412 κατ
1154 1348 1239 1412 εἰσ·

141 1455 198 1498 σαν
213 1397 378 1517 βήτοραλί
377 1459 484 1539 γοντα,
504 1439 561 1497 τοῦ
579 1428 758 1513 Εὔβουλον,
781 1431 1068 1540 σνμττράττοντος
1039 1439 1083 1496 aa
1097 1435 1238 1537 Αἰσχίνη,

139 1524 301 1602 μισοῦντος
316 1515 391 1583 δὲ
360 1543 410 1582 τον
424 1514 551 1601 ῥήτορα,
571 1515 759 1593 εἰπόντος’
719 1528 837 1594 αυτοῖς·
864 1515 1016 1583 Τοιούτων
1031 1496 1160 1600 αἰσχρῶν
1171 1513 1237 1580 άνδ-
1256 1546 1269 1575 κ

140 1613 230 1684 χεσθε
251 1603 389 1712 λέγοντος
406 1603 642 1683 Δημοσθένους,
670 1605 709 1664 Et
726 1605 761 1663 id
774 1625 892 1684 quoque
903 1604 1029 1664 Photius
1042 1614 1160 1663 tuetur:
1176 1605 1239 1673 Keo-

37 1692 40 1697 ’
139 1690 320 1792 τηγορηθελς
334 1688 349 1768 [
361 1687 538 1766 Aeschines]
556 1688 833 1769 τιαραττρεσβείας’
810 1713 872 1752 aaa
865 1682 1161 1770 Δημοσθένους’
1121 1711 1177 1768 ουχ
1187 1680 1238 1750 ut·

140 1770 227 1850 λω,
205 1796 258 1836 ατε
272 1771 312 1877 δη
319 1767 490 1880 Εάβορίλου
503 1797 557 1836 του
545 1774 768 1877 δημαγωγοῦ,
794 1766 1015 1876 ρδάτιηρίτγγσε,
1035 1780 1238 1881 σρναγωνισρ.
1299 1844 1306 1855 ,

123 1858 233 1963 ,μένου
250 1852 333 1942 νεάτῳ
347 1882 423 1920 κατα
416 1855 656 1937 Δημοσθένους
679 1858 712 1920 ἐν
723 1882 765 1942 τῳ
777 1853 1002 1938 παρασκευάσαι
1014 1855 1085 1932 τους
1097 1852 1240 1931 δικαστάς-

140 1937 321 2021 άναστηναι,
347 1942 456 2005 διττοῦ
476 1941 695 2022 Δημοσθένους
709 1943 855 2026 λέγοντος.
878 1944 989 2004 Annon
1006 1942 1080 2002 haec
1097 1943 1237 2017 clamant,

140 2048 204 2087 nou
225 2028 323 2086 solum
336 2029 462 2107 scriptas
485 2048 547 2087 erse
562 2025 616 2085 hac
637 2028 802 2103 orationes,
823 2048 929 2088 verum
953 2030 1042 2088 etiam
1062 2024 1238 2109 peroratae?

141 2113 310 2188 Adiuagere
329 2112 418 2170 etiam
439 2113 602 2213 potuissem
624 2132 805 2190 anonymum
822 2114 999 2193 scriptorem
1015 2113 1094 2171 vitae
1110 2111 1237 2171 Aeschi-

31 2212 34 2217 ’
139 2197 209 2271 nis,
230 2190 338 2254 soils
320 2219 367 2258 οτι
381 2191 526 2276 ηδυνηθη
539 2216 662 2276 νικησαι
675 2220 737 2276 την
746 2201 944 2278 κατηγορίαν
965 2191 1129 2276 Εῦβοόλον
1147 2214 1238 2258 συνα-

141 2279 349 2385 γωνισαμίνσν
369 2277 445 2343 κατά
465 2304 519 2344 του
508 2280 752 2360 Δημοσθένους
766 2280 798 2343 ἰν
814 2303 854 2365 τῳ
873 2286 999 2361 ποιῆσαι
1010 2304 1081 2353 τους
1095 2275 1239 2352 δικαστάς

141 2360 326 2445 άναστηυαι,
348 2364 390 2426 ἔτι
402 2387 457 2428 του
445 2364 692 2461 Δημοσθένους
712 2344 864 2446 λέγοντος,
889 2365 930 2439 053
941 2364 1073 2445 ἔγνωμεν
1085 2362 1238 2425 καὶτοῦτο

142 2450 175 2513 ἰν
190 2457 254 2546 τρῖς
265 2456 515 2529 Δημοσθενικαῖς.
542 2450 601 2508 Sed
621 2450 686 2528 quis
700 2471 763 2509 non
776 2450 873 2524 videt,
891 2450 966 2509 haec
978 2470 1041 2508 osae
1054 2448 1165 2507 iterum
1179 2448 1239 2506 Ul-

141 2534 241 2615 pinni,
264 2534 316 2612 qui
341 2535 380 2592 ad
393 2534 620 2593 commentarios
632 2555 702 2593 auae
718 2535 756 2594 ad
769 2534 994 2594 Demosthenem
1007 2534 1055 2593 hia
1065 2533 1166 2592 verbio
1180 2532 1239 2591 ιδ,-

141 2619 231 2694 iudit,
247 2629 282 2678 ut
293 2629 376 2698 patet
394 2639 432 2679 ex
447 2639 480 2678 eo
494 2618 694 2695 locutione,
670 2643 710 2691 ως
722 2618 853 2703 ἔγνωμεν
866 2619 900 2681 ἐν
913 2626 977 2692 τοῖς
987 2620 1239 2699 Δημοσθενικαῖς,

142 2704 180 2763 δε
192 2724 252 2782 qua
266 2704 339 2763 alibi
354 2704 439 2763 auxit
461 2704 627 2764 Potuissem
649 2706 738 2765 etiam
755 2704 944 2781 adimrgere
934 2722 1034 2784 ipsum
1049 2701 1237 2779 Aeschinem,

139 2788 194 2886 qui
212 2789 399 2848 confirmat
390 2811 423 2849 m
435 2790 586 2868 principio
601 2809 672 2848 suae
691 2790 871 2848 defensionis
889 2810 956 2870 pag
974 2792 1043 2853 190
1060 2789 1117 2846 ult.
1131 2807 1238 2847 auree·

28 2948 33 2957 .
141 2895 221 2935 xiaee
232 2875 346 2933 iudices
359 2875 542 2948 incoesilio‚
566 2895 636 2933 cum
658 2894 746 2934 cauea
762 2885 913 2952 ageretur,
929 2896 963 2933 m
954 2873 1133 2950 vidissem,
1151 2872 1237 2932 obie-

142 2958 272 3018 ctionem
284 2959 336 3017 isti
348 2958 519 3018 auctoritati
532 2960 706 3018 iamdudum
719 2980 781 3018 esee
796 2968 938 3038 paratam.

227 3044 286 3102 Sed
299 3064 375 3123 pene
386 3044 474 3102 video
485 3044 591 3120 ,quid
604 3043 654 3102 hic
667 3044 712 3103 rei
726 3052 838 3121 agatur.
861 3043 996 3102 Dubitari
1016 3044 1169 3103 nimirum
1166 3064 1237 3122 po-

141 3138 209 3206 teat,
222 3150 260 3187 au
274 3129 370 3187 oratio
371 3148 485 3206 ,quam
499 3136 672 3202 tractamus,
688 3127 894 3187 Demosthenis
911 3129 951 3186 ait
964 3135 1250 3186 consummatumet‘

141 3216 293 3273 sincerum
316 3232 391 3292 opua
409 3213 495 3272 iatius
518 3212 649 3271 auctoris
669 3222 699 3270 et
719 3234 737 3270 e
752 3232 843 3271 meam
856 3212 918 3271 eim
938 3212 1045 3270 ultima
1058 3213 1240 3320 proiectum.

141 3300 181 3358 Et
197 3297 372 3357 huiuamodi
385 3297 446 3356 iero
461 3297 589 3375 suspicio
603 3297 664 3355 fuit
675 3297 756 3375 apud
772 3296 961 3373 mtiquioree'.
988 3290 1162 3358 Μάλιστα
1145 3319 1162 3358 ο
1174 3288 1240 3361 κατ’

140 3385 288 3463 Αἰσχίνου
301 3376 386 3465 λόγος
398 3381 542 3486 τιαρίσχεν
557 3381 656 3443 αἰτίαν
670 3380 741 3444 ἔν
719 3399 917 3482 υτιομνιγμασι
930 3387 1173 3460 καταλελεῖφθαι,
1185 3377 1237 3445 06-

141 3491 190 3531 κω
212 3465 270 3548 τήν
291 3467 435 3571 ἐργασίαν
455 3460 630 3544 άτιειληφοδς
652 3467 775 3528 τελείαν.
798 3459 872 3528 διότι
886 3465 939 3527 καλ
954 3463 976 3527 ἁ
989 3462 1062 3547 τιρδς
1074 3463 1131 3548 τήν
1146 3489 1237 3546 κατη-

140 3555 248 3654 γορίαν
268 3547 383 3633 πολλην
397 3547 514 3631 ἔσχε
478 3574 535 3652 τιγν
548 3545 738 3657 άμυδράτητα
752 3549 802 3612 καί
817 3545 989 3654 κουφότητα
1004 3550 1053 3614 tut
1066 3575 1102 3637 τη
1091 3555 1239 3658 τελευτῇ

142 3661 196 3703 ven
183 3630 300 3717 ’λόγου
315 3631 519 3718 παρέθετο,
504 3659 575 3716 οπερ
598 3631 654 3698 οῦκ
672 3631 711 3698 tv
733 3634 915 3738 ιιεριεῑδεν
897 3659 913 3698 ο
936 3630 1036 3717 βητωρ
1050 3615 1150 3710 εἰςέξ’
1119 3639 1237 3710 ξετασιν

142 3716 441 3865 :istrum
455 3714 598 3871 ittet
610 3715 1237 3911 ιιιιιῑῗιλλῑιζιλιιλῑυ

141 3913 194 3973 γος
219 3892 317 3952 αἰτίαν
337 3890 402 3969 ἔσχε
421 3914 475 3952 του
462 3886 594 3970 Ημη
556 3914 614 3971 την
642 3883 739 3992 αάτην
753 3887 829 3952 κατά
844 3883 944 3953 πάντα
960 3828 1124 3971 άρετηντχρῖ
1111 3892 1237 3989 Δημο-

143 3979 275 4037 σθενικω
295 3969 562 4039 συνδιασάσσσθαι
581 3979 753 4081 χαρακτῆρι.
769 3971 877 4036 καί
839 3998 895 4055 γαρ
910 3974 944 4036 ἐν
958 3981 1021 4046 τοῖς
1040 3950 1237 4047 δυσίτοάτοις
1315 3984 1317 3989 ’

142 4053 242 4141 λόγοις
253 4038 289 4122 ίκ
304 4053 523 4140 διαλειμμάτων
534 4064 625 4121 τινῶν
636 4066 702 4132 ταῖς
714 4054 818 4133 αι’ταῑς
830 4059 960 4130 ἐννοίαις
971 4052 1140 4163 ἐπιβάλλων
1153 4056 1236 4165 cipri·

142 4147 258 4207 λοῦσθαι
271 4145 356 4207 δοκει
366 4142 439 4227 πρὸς
451 4139 618 4220 ἕαυτδν,”
592 4163 691 4223 ωσιτερ
706 4137 906 4223 άσκουμενος,
924 4136 985 4203 ἄλλ’
1000 4166 1057 4204 ουκ
1072 4135 1117 4204 ἔνι’
1132 4137 1236 4219 αὐτοῖς

144 4221 359 4330 αγωνιζομενος
370 4253 434 4303 τοις
447 4228 562 4334 ἔργοις.
574 4225 622 4290 6ui
635 4231 688 4290 καί
702 4250 781 4301 τινες
797 4226 964 4307 ienuam
965 4222 1092 4331 κότερον
1104 4220 1235 4311 λόγονίτ

12 4378 15 4385 ,
143 4309 250 4405 τάττοις
263 4318 519 4402 καταλειφθῆναι,
542 4298 616 4377 άλλα
636 4337 678 4394 μη
697 4308 775 4397 ττρδς
792 4311 913 4376 ἰκδοσιν
926 4306 1176 4396 διακεκαθάρθαι
1196 4313 1235 4373 m

111 4420 120 4447 h
