2774 4740
368 223 427 283 so
455 221 585 285 ouer.
614 220 704 285 rso
734 176 928 287 cereus
1127 230 1186 295 eos

102 392 361 458 selssostorissse
374 393 477 457 fretus.
505 394 617 455 Caeteri
638 412 738 457 emises
755 394 937 477 προείλεσθε.
951 412 1079 461 remor.
1100 414 1190 476 προσ

103 484 222 544 tusses
235 480 316 537 solus
334 477 428 536 edidit
441 479 565 541 wolfius
583 489 612 537 et
625 480 788 543 secundum
809 500 877 539 eum
889 481 1042 559 Toylorus.
1060 483 1190 560 προείίε·

104 572 181 641 σοι,
196 565 290 623 ‚iussu
312 572 342 623 et
365 562 484 621 decreto
506 572 605 622 vestro
626 558 773 641 delegistis
786 563 868 627 hunc
883 575 1016 627 senatum
1031 564 1113 643 eique
1126 586 1190 623 rem

102 659 206 709 vesun
217 646 339 709 nomine
353 646 523 724 deputastis.
555 647 647 719 Quasi
660 648 785 707 dixitset
798 649 913 711 εἵλεσθε
930 643 1025 728 sicle
1037 646 1095 728 πρδ
1104 648 1191 729 ὑμῶν

16 762 19 767 ·
103 728 224 808 uiroc,
248 731 339 793 tidem
358 730 591 811 sapientiamque
607 733 671 794 eius
694 742 856 791 vestroutet
873 733 985 793 iudicio
999 733 1190 811 praetulistis.
1207 778 1216 797 ‚.

101 815 397 898 egometscutum
410 810 486 894 πρός
498 814 565 879 ’τινα
579 826 624 874 eet
635 816 771 893 deligere,
787 836 895 890 oreore,
912 836 1096 895 mancepare,
1110 817 1190 875 dele-

104 922 175 980 gere
193 900 232 960 sd
244 898 389 960 honorem
402 900 549 976 quendem
569 910 621 959 sut
634 900 818 959 functionem
832 900 988 978 quondum.
1010 900 1065 960 Est
1077 919 1144 977 ergo
1160 900 1191 959 h.

102 987 127 1049 l.
142 983 307 1065 dspotustis
322 1003 386 1042 eum
398 981 469 1041 huic
480 984 598 1060 nogotio
617 1004 684 1045 oum
698 984 788 1063 pleno
797 993 951 1063 potestotc.
968 1005 1064 1045 uersu.
1077 984 1192 1064 προσιί·

102 1075 199 1133 troes
211 1086 317 1143 verunt
326 1076 401 1146 puto
418 1068 455 1125 ob
470 1088 594 1146 sequens
607 1062 777 1152 νςίιιείνην,
800 1060 879 1145 quod
899 1069 932 1133 in
944 1067 1060 1146 ἐκείνην
1072 1077 1194 1129 mutan.-
1260 1090 1263 1094 ·

104 1153 183 1215 ‹luru
194 1162 304 1213 temere
318 1151 436 1211 consuit
447 1151 691 1219 Wunderliohius
706 1154 830 1232 praefat.
848 1173 877 1231 p.
890 1152 949 1211 LII.
970 1172 1124 1213 sensuum.

118 1286 121 1290 ·
192 1254 225 1312 P.
237 1256 351 1319 mv.
362 1252 413 1316 25.
434 1253 543 1333 κυρίαν
553 1246 811 1334 τοῦπράγματος]
838 1254 925 1331 Vulg.
946 1257 1002 1315 cosi
1023 1236 1196 1334 πρδγμαισξ

105 1336 226 1417 εινρίσν.
253 1335 364 1418 κειρίαν
388 1339 446 1396 τοῦ
466 1330 637 1417 πράγματος
655 1337 767 1413 Aldus,
788 1338 820 1398 P.
836 1338 995 1396 Manutius.
1013 1356 1108 1398 ense.
1140 1339 1196 1397 τοῦ

104 1414 279 1505 πράγματος
294 1420 403 1500 ιινρίαν
416 1418 541 1478 Bekksr.
562 1440 720 1481 sousrree.
808 1441 811 1447 ·

192 1522 224 1580 P·
236 1525 308 1587 2⁷1.
320 1538 350 1579 v·
366 1524 416 1585 26.
438 1518 600 1606 ’Τπερίδηῆ
622 1522 708 1599 vulg.
719 1521 893 1603 Ὑπερίδην.
907 1520 1056 1609 Ὗπερίδη
1072 1519 1195 1597 August.

108 1606 257 1664 secundus
272 1613 302 1663 et
313 1604 490 1663 Bauer-icus:
507 1627 577 1664 nom
594 1607 627 1664 in
644 1606 704 1665 hoc
715 1606 835 1664 temetsi
851 1631 869 1668 ν
880 1615 964 1682 essct,
987 1614 1050 1665 eret
1061 1616 1161 1663 taruco
1179 1624 1197 1660 a
1277 1602 1281 1612 “

106 1709 200 1748 manu
217 1689 335 1748 iuniore
357 1689 519 1767 appictum.
554 1688 718 1773 Ὑπερείδῃ
736 1693 861 1768 August.
874 1691 989 1770 primus
1012 1698 1042 1748 et
1065 1696 1196 1767 quartus.

107 1773 205 1833 Possit
216 1772 401 1832 accusativus
413 1774 499 1831 leni:
519 1783 650 1853 praestet
673 1785 773 1833 tomen
796 1775 931 1851 dativus,
955 1794 1040 1851 quem
1056 1771 1194 1853 praetuli.

107 1857 456 1938 OntionisH'yperidese
469 1858 502 1915 in
515 1857 572 1915 hoc
589 1878 673 1917 ceusu
688 1860 807 1918 Deliaco
825 1860 987 1936 fragmenta
1000 1859 1060 1916 duo
1075 1858 1125 1915 vel
1138 1856 1197 1916 trie

104 1938 272 2020 'supersunt
294 1940 391 2000 adhuc
414 1953 589 2001 conservato
608 1964 625 2000 o
646 1943 816 2003 Scholiastis
829 1943 1030 2020 Hermogenis.
1043 1961 1138 2000 uersu.
1159 1941 1196 1999 V.

107 2025 282 2086 lluhttkenii
293 2026 403 2084 Histor.
418 2027 489 2084 crit.
505 2027 601 2086 Orott.
618 2028 738 2088 Graecc.
749 2050 779 2108 p.
795 2032 863 2093 149.
879 2026 1196 2087 sustentaculum.

192 2125 225 2185 P·
238 2130 309 2192 271.
324 2147 352 2187 v.
365 2132 415 2191 27.
438 2123 496 2191 ἆπδ
510 2130 567 2190 τοῦ
580 2129 688 2208 βωμοῦ
694 2128 705 2208 ]
744 2126 1015 2188 Ito.l)emosthenes
1037 2149 1062 2187 c.
1085 2128 1197 2187 conon.

108 2230 140 2290 P·
155 2211 246 2287 1265,
262 2217 291 2278 6.
305 2206 378 2293 π’ρδς
392 2207 444 2274 ιδν
456 2214 500 2291 βω
525 2208 559 2274 δν
576 2209 698 2293 διήοντες
713 2211 765 2275 καί
780 2212 982 2293 ἒξορπίζοντες.
1012 2212 1090 2275 Add.
1105 2211 1197 2269 Cicer.

108 2314 167 2373 pro
189 2294 219 2354 C.
238 2293 330 2354 Balbo
352 2293 382 2375 §.
397 2295 426 2360 5.
448 2298 577 2359 Alienis
596 2300 700 2371 aiunt,
728 2318 798 2368 οιιιιι
817 2295 1043 2379 quidamaprsd
1056 2317 1120 2369 eoo,
1144 2296 1199 2372 qui

109 2388 213 2435 ιαιιιίι
222 2382 418 2461 graviterque
432 2382 564 2454 eluisset,
578 2391 606 2437 et
618 2383 822 2438 testimonium
830 2380 954 2463 publice
966 2379 1100 2452 dixisset,
1115 2388 1151 2451 et,
1165 2387 1200 2433 ut

110 2483 175 2519 moe
189 2464 376 2522 Graecorum
392 2475 443 2538 est,
456 2464 585 2522 iurandi
599 2485 696 2521 caroea
711 2464 749 2522 od
764 2486 828 2523 oros
839 2462 988 2520 accederet
997 2496 1048 2521 -.
1072 2481 1200 2520 estnon.
1280 2480 1284 2489 “

110 2546 320 2606 Demosthenes
333 2570 364 2629 p.
378 2551 469 2623 1054,
484 2554 512 2615 8.
530 2543 670 2629 λαβόντες
684 2546 740 2627 την
754 2554 882 2628 ψῆφον,
906 2547 1073 2628 καιομένων
1086 2551 1146 2609 τῶν
1161 2546 1199 2608 lt-

109 2632 208 2708 ρείων,
221 2625 280 2694 ἆπδ
290 2637 347 2694 τοῦ
356 2634 461 2713 βωμοῦ
474 2633 615 2714 φέροντες
630 2636 687 2694 τοῦ
699 2629 770 2705 Διὸς
783 2665 834 2694 -.
848 2633 1019 2709 Herodotus
1034 2630 1112 2689 VIII.
1130 2636 1200 2695 123.

52 2714 82 2765 -“
107 2713 279 2794 διενέμοντο
305 2713 359 2789 esic
383 2711 511 2795 ψήφους
531 2717 581 2778 ἐπί
610 2721 665 2779 τοῦ
683 2716 888 2790 Ποσειδέωνος
903 2722 944 2801 τῷ
966 2710 1067 2800 βωμῷ.
1095 2715 1148 2774 ubi
1170 2735 1200 2774 v.
1284 2796 1287 2801 ι

108 2801 284 2877 wesseling.
296 2810 325 2859 et
338 2801 514 2861 Valckenor.
536 2822 690 2859 sorrorren.

192 2902 226 2960 Ρ.
238 2907 310 2967 272.
324 2920 355 2959 v.
368 2907 397 2966 2.
419 2901 480 2981 μοι]
503 2903 594 2961 Abest
614 2924 630 2959 s
653 2902 744 2961 Poris.
763 2903 909 2979 secundo,
931 2902 1020 2961 tertio
1038 2912 1068 2961 et
1083 2904 1200 2982 quinto,

105 2985 235 3063 August.
247 2986 388 3062 secundo,
402 2986 556 3045 Bovorico.
570 3006 665 3046 rersx.
686 2988 721 3045 V.
735 3008 765 3066 p.
777 2993 849 3062 275,
865 2994 893 3054 8.
916 3007 1070 3046 scissurus.

106 3094 110 3099 ⁴
197 3086 229 3145 Ρ.
243 3092 315 3153 272.
327 3106 358 3146 v.
371 3092 401 3152 2.
423 3085 671 3165 ΜΑΡΤΥΡΕΣ]
698 3089 843 3172 μαρτυρία
862 3087 952 3146 Paris.
970 3087 1088 3167 primus
1110 3095 1139 3144 et
1153 3106 1202 3144 se·
1309 3142 1320 3155 ,

106 3168 241 3252 ptimtu,
266 3172 390 3249 August.
404 3170 528 3267 primus.
560 3171 604 3228 Ab
626 3172 749 3259 August.
763 3171 893 3234 secundo
914 3172 1015 3244 obest,
1036 3178 1070 3226 ut
1086 3169 1201 3242 titulus,

107 3254 165 3314 sed
179 3264 271 3315 estut
283 3256 468 3337 princip1um
484 3254 578 3336 ipsius
592 3255 761 3329 testimonii,
783 3254 865 3332 quod
881 3254 925 3312 sic
940 3253 1061 3332 Incipit:
1079 3247 1204 3333 Μοίριν-
1253 3277 1262 3289 ·

50 3361 53 3365 ·
108 3362 161 3420 ρες
174 3344 365 3421 μαρτυροῦσι.
378 3340 488 3397 Totmn
501 3339 702 3397 testimonium
718 3338 799 3395 obest
807 3338 843 3399 eb
852 3337 1090 3420 Augustprimo.
1105 3356 1202 3397 neren.
1314 3342 1318 3351 '

197 3441 229 3499 P.
240 3445 313 3509 272.
326 3462 355 3499 v.
368 3441 397 3514 5.
418 3437 494 3524 siclo
509 3432 675 3518 ἁπάντων]
705 3437 827 3499 Scilicet
848 3441 908 3499 τοῖν
932 3433 1028 3505 illlosv
1050 3433 1204 3524 οἶρχόντσιν

108 3523 146 3587 ἐκ
159 3528 215 3585 τοῦ
228 3517 342 3605 Ἀρείου
355 3517 462 3606 πάγου.
486 3525 531 3582 Ex
548 3524 687 3583 universo
710 3532 814 3582 serrato
825 3521 1033 3600 Areopagitico
1049 3525 1155 3583 delecti
1171 3523 1205 3582 hi

108 3616 242 3686 quatuor
257 3629 316 3687 pro
330 3628 361 3667 se
374 3619 430 3688 pro
445 3609 563 3687 suisque
578 3609 699 3687 collegis
716 3607 842 3686 reliquis
857 3607 992 3667 omnibus
1014 3607 1088 3667 hoec
1104 3608 1204 3666 testati

108 3701 194 3750 eunt.
215 3712 309 3751 neren.

197 3792 229 3850 P·
243 3799 313 3858 272.
325 3814 354 3853 v.
366 3795 395 3861 5·
418 3792 576 3874 Σοονιεδς]
584 3796 633 3854 Sic
650 3790 774 3873 corrigit
786 3782 944 3855 auriototor
958 3795 992 3852 in
1007 3791 1204 3868 Aldlna'l‘ay-

105 3876 169 3936 lori
184 3874 323 3955 Συνιεδς,
335 3879 415 3956 quod
425 3880 459 3938 in
475 3881 584 3939 Aldina
600 3888 652 3939 est.
670 3901 766 3940 uersu.

197 3981 230 4047 Ρ.
245 3984 357 4045 esev.
374 3985 402 4045 ο.
427 3977 554 4060 οπεος]
588 3964 926 4056 estrumentum...

196 4081 229 4139 P.
244 4084 316 4145 272.
330 4101 359 4138 v.
374 4084 403 4151 7.
426 4075 569 4151 σύνδικον
579 4080 656 4165 ν’πίρ
670 4087 727 4145 τοῦ
738 4078 839 4166 ἱεροῦ]
874 4076 950 4137 Vide
970 4074 1145 4135 Aeschinem
1170 4076 1208 4163 sle

107 4162 364 4251 Mphictyonicu
376 4164 530 4243 legatione.
551 4186 649 4235 wocr,
1185 4166 1188 4171 ’

200 4266 231 4323 P·
242 4271 314 4332 272.
329 4286 358 4327 v.
372 4270 401 4331 9.
422 4265 600 4345 Ὑπερίδην]
622 4263 804 4343 Ὑπερείδην
821 4258 988 4325 Bovaricus.
1022 4260 1061 4319 Et
1075 4258 1118 4318 sic
1129 4258 1208 4321 idem
1276 4288 1279 4293 ’
