2774 4740
280 209 337 272 AD
360 210 493 322 ORAT.
514 208 570 274 DE
588 206 715 306 MALE
743 211 892 273 GESTA
913 213 1075 275 LEGAT.
1160 219 1224 287 468
1283 236 1288 250 ’

131 397 220 435 sessu
234 381 300 436 etus
314 381 437 436 incitati
449 372 621 439 everterent.
641 378 761 439 Mallem
773 389 873 441 temen
885 403 968 443 nuuc
976 385 1128 463 vulgatam
1145 403 1162 445 a
1176 382 1224 449 me

131 471 280 521 seruatam
302 483 373 522 esse.
404 462 502 543 ἔμελλε
524 467 617 524 ταῦτα
640 467 817 543 retudisse
843 463 926 547 παρα
938 465 973 530 τὸ
990 466 1222 550 προαισθέσθαι

69 564 73 569 ·
125 546 270 621 futurum
288 568 349 605 nou
367 559 440 622 erat,
460 559 494 606 ut
510 549 627 604 nsalum
638 547 703 623 doc,
726 551 756 605 si
767 570 872 609 revera
893 551 1038 610 Alsebanis
1051 566 1115 613 tam
1128 576 1225 633 prope

131 631 324 706 immersum,
346 630 384 689 ab
406 635 447 689 s's‘e
459 632 642 691 averteretlir
661 645 688 689 et
706 635 895 710 repelleretur
909 649 1076 714 propterea,
1094 637 1226 716 quodid
1324 645 1328 652 “

130 720 272 794 temporis
285 714 386 773 adduc
395 720 640 793 Praesenss'sseut.
661 716 729 776 Hoc
743 737 836 776 unum
848 738 895 777 ms
907 721 984 778 male
995 720 1129 797 habebat,
1141 723 1223 801 quod

129 797 247 877 ἔμελλεν
260 802 293 858 in
311 799 452 876 singulari
463 800 502 859 ad
514 805 607 863 ταῦτα
622 796 658 861 cd
675 795 832 883 πράγματα
843 804 972 877 rediret,
988 799 1150 885 ἠβουλήθη
1165 824 1222 865 su-

128 897 188 946 tem
205 898 234 946 ct
245 883 370 964 ἤλπισεν
383 885 421 943 ad
432 883 616 946 Aeschinem.
631 907 724 965 neque
743 888 859 945 volebat
871 888 1033 947 Aeschines
1048 888 1085 949 s'd
1100 893 1222 966 evenire,

128 987 219 1049 neque
230 969 370 1048 sperabat
381 980 565 1027 eventurum.
581 989 676 1028 suist.
696 967 821 1049 ἤμελλεν
835 972 958 1030 Bekker.
980 975 1080 1034 Recte.
1099 973 1224 1052 Simpli-

129 1058 205 1114 citer
215 1053 407 1112 vcrtendum:
429 1074 482 1112 nee
497 1055 611 1132 futuru
628 1066 713 1113 erant
726 1054 813 1136 (quae
826 1057 890 1115 fore
913 1056 1072 1117 Aeschines
1089 1058 1222 1118 iactave-

128 1138 197 1221 rat).
218 1158 372 1198 scissurus.

212 1241 244 1299 Ρ.
257 1242 328 1306 354.
342 1259 371 1298 v.
388 1238 438 1304 25.
462 1232 529 1300 οὔτ’
546 1234 688 1319 ἤλπισεν]
710 1238 889 1301 ΒιῙιΙιοιαοι·
899 1242 1029 1319 „Malim
1045 1232 1118 1303 οὔδ’
1135 1237 1222 1324 ἥλατο.
1263 1198 1270 1209 ³

63 1386 70 1395 .
129 1327 209 1388 σεν.“
224 1326 297 1382 Item
313 1344 365 1401 ego
378 1322 490 1381 malim.
511 1323 667 1384 sensurus.
869 1380 871 1384 ,

209 1426 242 1484 P.
256 1425 331 1490 354.
342 1445 372 1486 v.
387 1424 437 1490 25.
458 1423 510 1504 γε]
537 1417 569 1505 γ’
588 1423 714 1483 Bekker.
734 1434 900 1484 σταλεῖσι(

211 1531 242 1586 Ρ.
257 1530 329 1593 354.
343 1546 372 1585 v.
385 1531 436 1592 26.
458 1518 556 1606 λόγοις
572 1520 711 1603 τούτοις]
741 1519 841 1607 λόγοις
853 1526 904 1589 καλ
923 1521 1222 1610 cedroseris.p1i-

127 1635 202 1687 mus,
216 1612 340 1689 August.
353 1611 477 1691 primus.
495 1608 561 1666 Hoc
575 1609 626 1671 καὶ
636 1608 712 1666 sitne
728 1609 833 1668 calami
846 1612 954 1713 lapsus,
968 1633 1006 1669 an
1022 1611 1155 1672 defectus
1170 1613 1222 1672 iu·
1297 1595 1301 1613 ¹

127 1698 255 1771 dicium,
280 1694 392 1754 dubito.
415 1692 532 1772 Siquid
544 1693 640 1769 deest,
663 1693 822 1772 suspiceris
842 1699 945 1776 ληροις
961 1697 1073 1755 deesse:
1095 1702 1157 1769 τοῖς
1172 1688 1222 1760 λο’.
1297 1739 1301 1744 .

125 1807 190 1863 γοις
203 1781 254 1843 καὶ
267 1773 371 1858 λήροις
383 1772 615 1876 τούτοιςζιεῐοκ.
637 1775 718 1835 Nihil
736 1778 826 1838 deest.
846 1779 959 1860 Copula
972 1789 1051 1856 nutu,
1062 1789 1099 1839 ut
1113 1780 1221 1841 millies

126 1887 298 1961 eccidit„ex
314 1893 481 1960 antegresso
497 1909 521 1958 ς.
542 1903 699 1943 scusesrs.
1070 1952 1074 1960 Ι

210 1973 241 2027 Ρ.
255 1971 325 2033 354.
342 1988 371 2025 ι.
386 1973 435 2033 27.
458 1961 607 2046 οἰκοῦσαι]
628 1961 856 2032 exulcerans.
876 1968 1136 2050 primus,‘August.
1150 1968 1220 2052 pri·
1266 2030 1268 2037 Α

125 2074 201 2112 inus.
223 2072 318 2118 sessu.
338 2050 460 2110 Rectius
474 2047 601 2114 ἆιιοῠσαι
615 2052 652 2110 ob
666 2052 814 2133 ἐθελῆσαι.
836 2075 993 2113 sensurus.

211 2167 241 2223 P.
257 2165 327 2230 854.
339 2184 369 2222 v.
382 2168 433 2229 27.
454 2165 638 2244 succutiunt]
660 2167 835 2246 καταμένειν
849 2166 940 2226 Paris.
952 2167 1077 2246 primus,
1094 2165 1219 2242 August.

125 2250 247 2330 primus.
268 2254 406 2329 παρεῖναι
426 2250 542 2327 profem
559 2269 575 2306 e
590 2249 680 2308 Paris.
696 2252 820 2329 septimo
839 2271 940 2328 mergo
953 2249 1141 2308 Lutetiunae:
1166 2249 1221 2308 ssd

125 2335 247 2392 videtur
268 2333 300 2390 in
321 2333 376 2390 illo
396 2332 497 2390 codice
519 2332 610 2391 fuisse
624 2340 815 2414 παραμεῖναι.
836 2353 932 2393 suist.
954 2335 1065 2392 Verum
1083 2337 1220 2410 καταμιῖ·

125 2441 190 2480 ναις
220 2438 290 2476 nam
316 2417 406 2475 ceteri
427 2416 569 2475 infinitivi
590 2416 661 2475 item
681 2427 753 2477 sunt
776 2418 880 2477 aoristi
901 2416 1052 2498 temporis.
1082 2417 1230 2475 Ceterum

126 2504 204 2560 conl.
220 2505 335 2581 p.·347‚
351 2506 399 2564 17·
420 2512 576 2582 senserim.

209 2622 240 2679 P.
256 2622 326 2686 354.
338 2640 367 2678 v.
381 2625 431 2687 28.
445 2618 605 2699 τοιοῦτον]
625 2623 742 2683 τοιοῦτο
763 2617 853 2679 Paris.
868 2618 995 2698 primus,
1015 2617 1136 2696 August.
1151 2616 1218 2697 pri·

15 2746 34 2769 .,
124 2724 200 2781 mus,
214 2705 383 2780 Bavaiicus,
398 2704 507 2762 Aldina
520 2702 650 2783 Tsylorl.
669 2722 762 2763 sessu.
783 2707 901 2766 τοιοῦτο
916 2704 1041 2763 Bekker.
1062 2721 1217 2762 scusmm.

207 2825 238 2881 Ρ.
253 2823 323 2888 355.
339 2842 369 2881 v.
386 2829 413 2887 1.
433 2822 605 2900 ἐσπαθᾶτο]
629 2820 750 2902 Ulpiani
767 2823 896 2903 glossae,
922 2841 996 2900 quae
1016 2819 1069 2879 hic
1089 2830 1133 2880 est
1151 2839 1218 2879 me·

123 2907 207 2968 lion's
224 2917 326 2982 notae,
338 2906 482 2984 coniunge
495 2908 624 2986 Etymol.
640 2907 679 2965 Μ.
694 2927 720 2966 c.
735 2911 815 2982 384,
832 2911 882 2972 44.
903 2905 1077 2985 [laiqsocrat.
1091 2913 1121 2963 et
1134 2904 1216 2963 Suid.

123 2993 155 3051 in
177 3013 207 3050 ι.
227 2985 406 3052 Ἐσπαθᾶτο.
436 2990 544 3053 (lenter
563 2991 651 3049 etiam
673 2991 710 3049 cl.
734 2982 908 3050 Albert.'ad
931 2997 959 3053 1.
982 2988 1112 3048 Timoth.
1134 2989 1170 3047 V.
1187 2992 1216 3054 6.

124 3087 153 3135 et
175 3076 325 3134 illustriss.
340 3073 446 3133 Ezech.
464 3076 630 3154 spanheim.
652 3075 690 3133 ad
708 3073 899 3153 Aristophan.
920 3073 997 3131 Nub.
1017 3092 1047 3130 v.
1068 3073 1118 3138 56.
1144 3071 1215 3131 cod.

123 3162 195 3237 Aug.
216 3158 461 3219 servavithocce
481 3158 676 3233 scholiolum,
698 3157 791 3216 scilic.
807 3154 978 3235 ἐσπαθᾶτο]
994 3153 1150 3233 desivero,
1163 3178 1216 3216 τια-

123 3239 319 3319 ττσιιευοὶζττο,
339 3238 597 3320 ιιατιδαψελεύετο.
613 3243 634 3301 l.
649 3235 906 3318 ιιατιᾰαψιλεύετο.
929 3259 1058 3299 remon.
1082 3238 1216 3302 ἐσπαθᾶ.

123 3354 156 3393 το
172 3338 216 3388 est
237 3329 340 3406 utique
358 3328 392 3385 in
405 3328 527 3404 August.
540 3328 653 3406 primo:
675 3336 711 3384 ut
727 3325 833 3400 mirer,
856 3345 913 3384 cur
932 3323 1086 3383 Fabricius
1110 3333 1216 3382 contra

123 3435 236 3473 morem
251 3432 339 3471 suum
352 3421 469 3491 partem
483 3407 592 3472 scholii
604 3410 747 3487 attulerit,
766 3410 845 3489 quod
860 3410 934 3471 etin
947 3408 1072 3486 August.
1085 3408 1159 3485 etqin
1173 3407 1216 3466 li-

122 3499 183 3557 bris
198 3497 327 3575 vulgatis
341 3505 437 3555 totum
454 3497 571 3574 legitur.
592 3494 757 3571 ἕστεαθοῖτο,
771 3517 801 3552 es
815 3492 903 3552 ward
913 3490 1119 3573 weggesudelt,
1133 3499 1215 3571 weg-

120 3579 306 3662 gesprudelt,
321 3585 369 3638 ins
384 3583 481 3660 θείας
493 3581 547 3639 ltin
557 3578 692 3660 μναῖαι,
706 3579 917 3640 effutiebautur
926 3576 1001 3636 haec
1014 3587 1133 3650 temere,
1152 3575 1215 3636 sine
1249 3588 1252 3594 '
1318 3656 1321 3661 ῃ

122 3666 311 3747 reputatione
330 3674 470 3744 metuque
490 3686 590 3726 rerum
610 3665 787 3724 suturarum.
811 3663 962 3742 Quicquid
975 3661 1213 3743 praecipitanter,

124 3772 194 3809 cum
209 3748 353 3821 socordia,
366 3748 477 3827 pingui,
492 3759 529 3810 ut
543 3748 635 3824 aiunt,
646 3749 787 3825 Minerva,
798 3749 874 3823 larse,
892 3747 993 3820 crude,
1009 3745 1134 3819 ruditer,
1151 3744 1214 3801 sine
1259 3808 1263 3813 ,
1366 3750 1369 3756 ’

122 3846 194 3909 arte,
207 3834 271 3891 sine
285 3840 367 3889 metu
381 3833 492 3891 fraudis
509 3834 698 3913 postmodum
710 3833 896 3909 detegendae,
910 3832 948 3890 ad
961 3830 1058 3889 brevis
1070 3828 1213 3907 temporis

122 3939 244 3991 usuram
260 3925 470 3975 contexeretur
483 3926 535 3976 sut
552 3919 701 3992 confieret,
722 3918 754 3975 id
776 3919 955 3978 σπαθᾶσθαι
971 3912 1133 3985 dicebatur,
1156 3910 1214 3969 dus

56 3999 58 4003 ⁷
122 4003 202 4060 hiess
216 4000 414 4075 Sedelarbeit,
427 4001 597 4080 gepfusclst.
611 4003 711 4062 Facile
724 4000 840 4061 sithaec
857 4000 894 4057 ud
905 4007 1104 4058 commentum
1114 3996 1213 4074 quod-

124 4108 181 4166 que
193 4089 267 4161 leve,
283 4097 378 4163 tenue,
393 4105 505 4160 rarum,
523 4106 577 4165 per
589 4087 667 4163 quod
679 4087 734 4144 lux
746 4084 878 4144 veritatis
891 4084 1022 4162 undiquc
1039 4082 1211 4157 dilucescet,

124 4171 162 4229 ad
183 4170 344 4250 praesentis
366 4169 455 4228 modo
476 4170 617 4248 temporis
632 4167 777 4250 [usuum]
798 4187 967 4248 procusum,
988 4165 1211 4226 diuturnitatem

124 4266 152 4314 et
166 4255 350 4316 severitatem
368 4252 511 4314 examinis
523 4253 605 4314 haud
617 4256 715 4315 ferens
729 4253 960 4315 accommodare.
980 4270 1075 4313 umes.
1096 4250 1210 4312 Simili-
