2774 4740
173 218 238 285 304
536 211 905 276 ANNOTATIONES
947 230 956 249 ‘

174 382 244 445 kias
263 380 328 442 lnd.
352 381 480 443 Graecit.
500 402 530 460 p.
545 387 617 467 233.
633 382 702 442 coll.
716 403 746 525 p
762 387 834 450 397.
850 382 888 441 da
898 382 1065 466 rationibus
1076 392 1272 461 acceptorum

176 476 207 528 et
221 484 418 546 expensorum
430 466 651 545 interpretatur.
679 467 719 527 lli
742 467 754 525 i
767 467 889 527 so'detur
902 466 934 526 h.
945 469 967 527 l.
981 467 1028 544 agi
1040 466 1077 524 de
1089 487 1181 527 censu
1194 468 1272 527 civis

171 551 340 621 ‚censerulm
364 550 417 628 qui
429 551 456 609 si
468 552 634 611 rationibus
648 552 804 613 subductis
818 553 914 612 maior
929 572 1019 630 quam
1035 561 1122 611 aritae
1136 560 1272 631 apparet,

174 635 267 697 bomo
286 637 464 701 transfertur
484 636 518 695 in
540 636 721 716 superiorem
743 637 882 712 classem-3
904 636 953 695 sin
967 637 1077 712 smnus,
1091 648 1225 707 remanet
1240 637 1273 696 in

72 784 75 793 ,
176 741 236 801 qua
255 715 341 799 prius
362 719 467 778 fuerat.
498 718 536 778 Ut
551 720 709 779 Aeschines
731 721 835 780 falsam
849 718 988 780 de'aucto
1005 718 1080 780 civis
1095 741 1189 781 censu*
1203 723 1272 801 opi-

175 806 313 878 nionem,
335 822 425 881 quam
448 804 610 863 subductae
626 805 758 864 rationes
777 805 933 883 refellant,
962 805 1182 884 comparaverit
1203 827 1273 865 cum

176 889 251 950 salsa
273 887 310 946 de
330 888 534 948 Demosthenis
560 889 593 948 in
614 888 766 948 civitdtem
787 888 901 949 meritis
928 889 1087 970 opinione,
1111 910 1199 971 quam
1219 910 1273 950 sua

176 973 309 1037 oratione
326 972 364 1030 sit
382 973 598 1033 consutatmus.
620 994 775 1033 scnasann.
911 983 915 989 '

260 1059 292 1116 Ρ.
305 1062 377 1124 303.
389 1076 420 1115 v.
432 1063 483 1122 22.
506 1058 694 1140 συγχωρεῖτε]
716 1057 852 1138 accipitis
865 1050 947 1138 quod
961 1056 1095 1119 rationes
1107 1057 1273 1119 subductae

177 1142 347 1203 ostendunt.
368 1162 523 1201 sonneras.
920 1208 922 1212 ³
1196 1186 1204 1207 ,

172 1282 177 1289 .
259 1228 291 1287 Ρ.
306 1229 377 1289 303.
389 1236 419 1284 v:
435 1233 484 1294 23.
507 1225 714 1307 φαινομένοις]
728 1226 984 1308 προφαινομένοις
993 1227 1123 1288 vindob.
1140 1240 1270 1289 sanan.

175 1310 212 1375 In
225 1330 306 1370 vars.
320 1310 403 1391 lectt.
412 1311 549 1371 Reiskius
563 1311 642 1371 banc
655 1313 680 1370 T
681 1314 778 1390 aylon'
803 1323 905 1373 notam
923 1312 1021 1372 dedit:
1044 1313 1132 1388 „Alii
1143 1334 1271 1392 προφαι-

174 1393 331 1475 νομένοις,
345 1404 381 1451 ut
396 1395 524 1467 Vindob.
532 1440 541 1471 ,
564 1396 617 1455 ubi
631 1397 752 1457 videtur
761 1398 860 1477 prima
874 1397 990 1477 syllaba
1008 1417 1024 1457 e
1038 1396 1174 1477 proximi
1187 1396 1273 1456 verbi

175 1478 263 1541 initio
279 1478 385 1537 iterata
399 1482 497 1539 esse.“
518 1501 674 1540 semensa.
931 1534 934 1539 .

260 1563 293 1622 P·
310 1567 380 1628 303.
392 1586 421 1624 v.
436 1571 486 1631 23.
496 1552 714 1646 Ιπροσθέσθαι]
737 1557 913 1646 πρόοθισθε
929 1565 1004 1644 Aug.
1015 1562 1186 1626 Vindobom
1200 1574 1231 1625 et
1245 1589 1273 1628 α.

176 1651 381 1731 φροστεθῆναι
396 1652 418 1724 ζ.
434 1670 563 1708 annon.
585 1643 760 1732 πρόσθεσθε
774 1651 898 1727 August.
911 1650 1037 1730 primus.
1058 1669 1154 1711 mian.

173 1742 176 1749 '
214 1794 218 1799 .
261 1732 292 1793 P.
305 1737 377 1798 303.
392 1755 421 1796 v.
433 1739 485 1799 27.
507 1731 593 1812 vovi]
634 1734 784 1794 Ornittunt
808 1734 898 1794 Paris.
913 1735 1048 1816 primus,
1069 1735 1193 1815 August.
1207 1734 1273 1814 pri-

177 1836 254 1877 mus.
275 1835 370 1875 aaran.

136 1976 142 1987 Ι
173 1973 177 1984 ,
261 1902 293 1961 Ρ.
306 1906 377 1968 303.
391 1923 420 1963 v.
435 1909 485 1968 27.
506 1900 729 1983 ἐγνωσμένους]
764 1901 871 1961 Rarior
892 1900 978 1960 istius
995 1900 1108 1981 passivi
1127 1921 1199 1960 usus
1215 1920 1274 1983 pro

173 1982 193 2048 ‘i
230 1980 359 2061 οικόιας,
391 1987 439 2048 uti
483 1987 557 2046 robe
578 1986 788 2046 minnadvertit
811 1985 848 2045 H.
873 1985 1040 2064 Stephanus
1060 1985 1146 2045 Thes.
1166 1987 1199 2044 L.
1221 1988 1273 2044 Gr.

174 2010 255 2128 01le
278 2090 303 2129 c.
327 2074 417 2136 1830.
465 2089 531 2147 cce,
552 2081 588 2131 ut
607 2072 782 2151 scrupulum
802 2070 891 2130 tollat
912 2070 983 2131 cod.
1004 2072 1074 2149 Reg.
1088 2068 1111 2145 ξ
1141 2070 1275 2130 Praefert

164 2153 258 2219 sanim
272 2149 444 2236 ἐγνωκότος.
467 2156 555 2229 Quod
567 2156 751 2215 commendo.
774 2174 903 2214 asason.

261 2240 293 2299 P.
305 2245 377 2307 303.
389 2262 419 2300 v.
434 2247 485 2308 28.
509 2235 620 2319 αὐτόν]
652 2231 692 2302 αὖ
705 2235 764 2302 τὸν.
782 2256 956 2299 nanneno.
986 2231 1076 2302 adcdv
1089 2239 1157 2298 vult
1170 2238 1275 2298 Mark-

170 2320 294 2384 landuc.
317 2325 368 2383 Sic
380 2326 460 2385 enim
475 2325 598 2385 videtur
613 2324 739 2402 dedisse,
753 2343 826 2401 non,
849 2324 931 2403 quod
943 2318 1036 2384 editio
1051 2322 1172 2402 Taylari
1183 2323 1275 2382 exbi-

173 2406 236 2487 bet,
251 2402 292 2472 αὖ
305 2406 368 2472 τόν.
389 2429 487 2471 nuiss.

173 2504 177 2509 ’
260 2507 292 2570 Ρ.
307 2515 378 2577 304.
390 2532 420 2571 v.
437 2518 464 2577 1.
486 2505 691 2594 ὕπαρχούοης]
704 2508 837 2570 subaudi
847 2506 922 2595 θμῖν
936 2518 987 2569 aut
999 2499 1070 2591 παρ’
1082 2505 1165 2589 ν’μῖν.
1176 2524 1275 2570 aaran.

259 2611 292 2671 Ρ.
306 2616 377 2677 304.
390 2629 419 2672 v.
434 2611 474 2678 2(
486 2611 555 2693 περὶ
571 2608 722 2692 ἑκατέρου]
751 2609 871 2670 Scilicet
886 2608 981 2695 ἡμῶν.
1004 2629 1101 2669 amer.

259 2712 293 2773 Ρ.
308 2718 379 2781 304.
392 2736 422 2774 v.
438 2721 468 2782 3.
488 2708 614 2794 ταύτην]
638 2713 729 2772 Abest
739 2712 775 2770 ab
789 2711 913 2791 August.
929 2718 1044 2791 quarto.
1067 2731 1168 2772 aeras.

171 2871 176 2880 .
209 2804 212 2810 ⁵
246 2816 292 2883 Ρ.
307 2820 417 2882 804.v.
433 2823 462 2883 3.
490 2814 583 2897 ὑμᾶς]
603 2815 695 2875 Abest
710 2808 746 2873 ab
760 2813 884 2891 August„
897 2811 1006 2891 primo.
1027 2831 1124 2873 msa.

259 2917 291 2974 Ρ.
308 2922 379 2982 304.
386 2938 416 2977 v.
433 2923 462 2985 ὅ.
485 2917 505 2983 o‘
520 2921 584 2979 τοῖν
601 2909 785 3000 πραγμάτων
799 2905 903 2993 οὗτος]
934 2904 1023 2987 οὗτος
1034 2911 1054 2976 d
1066 2919 1129 2978 τοῖν
1139 2907 1277 2997 πραγμά-

84 3070 88 3077 ,
174 3020 236 3063 των
248 2999 359 3060 Aldina
374 3003 504 3085 'lfaylori
525 3023 622 3061 amas.

167 3090 170 3096 ’
261 3087 293 3145 Ρ.
307 3090 378 3152 304.
391 3106 420 3146 v.
433 3090 462 3153 5.
483 3080 685 3168 πραγμάτων]
735 3084 766 3144 Ρ.
791 3072 959 3165 χρημάτων.
989 3078 1160 3143 Perioniua:
1184 3104 1277 3161 neptae

176 3170 256 3229 enim
276 3182 373 3229 coest
395 3193 496 3230 rerum
516 3173 607 3230 ratio.
636 3170 776 3231 Meletus:
797 3189 858 3227 ιιοιι
878 3166 966 3226 ιιιὶηι’
978 3189 1014 3225 ea
1029 3178 1072 3225 eat
1087 3170 1276 3245 computatio

171 3268 278 3312 rerum
290 3268 457 3334 gestarum
469 3273 570 3316 u'ocr.
597 3254 630 3314 F.
644 3249 811 3338 χρημάτων.
841 3251 909 3312 Vid.
924 3252 1087 3333 superiora.
1100 3268 1277 3310 nsamnno.

174 3336 348 3398 Instituitar
373 3341 554 3420 comparatio
585 3340 665 3399 inter
687 3342 861 3418 computum
887 3336 923 3396 de
943 3337 1087 3415 pecuniae
1106 3333 1277 3394 rationibus

141 3436 144 3441 ’
173 3412 313 3482 babitans
327 3433 358 3482 et
371 3424 518 3486 iudicium
534 3422 571 3483 de
584 3425 674 3484 rebus
687 3425 775 3502 gestis
790 3423 919 3480 factum:
940 3429 970 3478 et
982 3416 1138 3476 concludit
1154 3416 1276 3478 deinum

174 3524 206 3567 v.
223 3511 272 3578 18.
293 3499 354 3590 ἆρά
375 3527 423 3573 σοι
444 3506 566 3589 ψήφοις
587 3504 692 3588 ὅμοιος
712 3506 732 3569 d
754 3510 817 3567 cciv
842 3504 936 3607 ἔργον
959 3499 1099 3583 λογιομδς
1119 3504 1276 3581 palaemo,-

175 3590 254 3669 Ergo
270 3595 436 3653 necessario
454 3593 507 3653 hic
522 3593 686 3671 requiritm·
703 3608 767 3649 vax
780 3606 947 3669 χρημοιων.
971 3586 1037 3661 Ait,
1061 3606 1125 3645 non
1141 3589 1275 3663 calculis,

80 3670 84 3679 ⁸
174 3692 239 3735 nan
251 3687 409 3757 computo,-
434 3699 496 3737 non
514 3676 606 3736 abaco
625 3696 690 3736 rem
709 3673 788 3733 hanc
804 3692 864 3730 csse
880 3669 1110 3729 conficiendam:
1129 3666 1168 3733 aei
1179 3672 1277 3745 τιθεὶς

173 3754 320 3843 ψήφους·
341 3757 379 3825 ον’
393 3757 450 3846 γάρ
464 3763 543 3827 ἐστιν
557 3760 648 3825 ὁτῶν
663 3753 821 3841 χρημάτων
834 3748 924 3829 οὗτος
941 3751 1090 3839 λογισμός.
1118 3758 1156 3838 Et
1169 3757 1201 3815 in
1218 3756 1276 3814 hac

175 3865 264 3905 causa
285 3845 464 3907 adiuvamur
483 3868 501 3905 a
524 3843 699 3905 Scholiasta
730 3840 837 3901 Italus:
854 3840 1013 3921 percioclse
1025 3863 1086 3900 nou
1103 3842 1118 3897 d
1131 3840 1164 3898 di
1182 3841 1276 3899 sobbe

175 3941 279 4008 questo
303 3943 400 3992 conto.
419 3950 549 3993 ulamau.
574 3953 598 3990 ιι
618 3919 757 4011 αγμοῖτων
779 3925 893 3987 tuebor.
923 3937 1203 4005 rerumgestarum
1218 3948 1274 3984 ra-

173 4016 272 4089 tiones
284 4004 331 4074 ito
345 4015 478 4077 subduci
489 4037 549 4073 ιιοιι
562 3953 667 4073 soient.
698 4005 787 4085 οὗτος
800 4000 956 4094 λογισμδς,
975 4013 1027 4069 liic
1041 4008 1152 4069 estodus
1166 4012 1274 4068 ealcu—

174 4097 281 4176 laodc’,
297 4103 349 4179 qni
363 4102 399 4159 lit
410 4121 465 4179 per
477 4099 701 4180 dispositionem
717 4098 916 4172 calculorum,
944 4096 981 4155 de
996 4116 1053 4175 quo
1067 4115 1150 4153 nunc
1167 4095 1275 4173 agitur.

172 4202 270 4249 aaran.
293 4182 384 4258 Quod
394 4185 474 4244 infra
487 4206 516 4246 v.
532 4191 580 4252 18.
593 4185 744 4263 sequitur,
767 4191 886 4246 tauhun
906 4178 988 4238 abest
1008 4188 1044 4239 ut
1057 4180 1212 4256 vulgatam
1222 4179 1275 4239 hle

173 4268 354 4350 scripturam
365 4271 529 4352 impugnet,
543 4280 579 4331 ut
595 4269 684 4331 etiam
696 4266 878 4345 validissime
891 4273 1015 4327 tutetur.
1036 4283 1196 4325 senseras.
