2774 4740
175 236 242 304 sss
427 184 487 281 ..Ψ
537 224 933 292 snnortrmsts·
980 274 983 281 .

260 399 444 482 Trepidatur
455 395 590 473 Athenis.

262 487 473 547 Thebanorum
485 485 612 545 societte
624 481 758 544 consiliis
769 483 978 546 Demosthenis
993 496 1174 568 comperata.

177 590 489 634 uersornnronrs
517 569 565 630 die
584 569 647 629 vil.
668 579 835 649 pugnaturn
858 578 904 630 est
919 569 1176 633 ad'Ghaeroneant
1193 583 1281 653 utque

157 704 164 711 ..
219 667 321 718 amum
336 654 583 716 estdelibertsta
601 654 795 715 Graecorum.
828 655 981 717 Plutarch.
997 657 1115 718 invite
1127 659 1257 720 cnmiffi.

172 743 281 823 igion,
297 751 333 801 ut
345 740 503 800 concludit
517 740 568 801 tir
581 738 786 817 doctissimus,
804 761 925 803 necesse
940 752 995 818 est,
1009 752 1048 802 ut
1059 753 1196 805 exararet
1207 744 1281 804 Phi-

175 829 280 909 lippus
301 825 383 886 hane
406 825 563 907 epistolem
579 825 658 885 inter
676 822 916 887 Anthesteriouis
939 828 1019 887 diens
1031 828 1111 889 ΧΠ
1135 839 1168 888 et
1183 830 1281 890 luu-

175 912 321 992 3itnienis
343 911 421 971 diem
440 910 501 970 vlt.
534 906 604 970 Non
628 912 757 989 contigit
777 922 847 971 ante
864 913 954 972 istam
974 933 1090 989 aeram,
1112 909 1185 993 qu‘s‘s
1205 913 1281 975 haee

170 998 300 1079 scripsit
313 995 374 1055 iam
385 994 574 1077 inperatoris
590 990 838 1076 Amphictyonici
857 1016 981 1058 munere
1007 998 1144 1078 iungens.
1176 1000 1279 1080 Neque

174 1102 280 1145 rursus
291 1090 362 1164 post
373 1080 488 1140 bellum
498 1089 529 1141 et
541 1081 745 1141 ittfortunium
761 1076 984 1142 Chaeronense:
996 1104 1060 1142 non
1076 1084 1180 1164 potuit
1196 1084 1279 1144 enim

170 1186 228 1228 cos
243 1167 373 1227 invitare
390 1166 430 1224 sd
442 1186 601 1225 commune
619 1164 733 1231 bellurn
745 1167 936 1227 iniciendum
950 1168 1101 1228 societatis
1114 1169 1187 1245 iure,
1202 1184 1279 1249 quos
1381 1219 1385 1227 .

171 1253 235 1313 issu
250 1252 316 1332 ipse
332 1246 723 1311 debellaverat-utlibertste
738 1251 926 1331 fortunisque
939 1263 1073 1314 exuerat.
1092 1254 1196 1332 ltaque
1209 1255 1278 1333 epi-

119 1368 123 1375 ·
169 1337 285 1397 stolum
293 1336 525 1413 Boddromione,
538 1333 592 1416 qui
598 1335 841 1414 hietagitnionesn
855 1357 988 1397 mensem
999 1332 1276 1418 clademqueChae·

175 1439 340 1495 mnsam,
353 1421 504 1499 sequitur,
529 1440 593 1481 non
614 1420 709 1480 dedit.
737 1422 844 1482 Potuit
863 1423 945 1499 fieri,
963 1433 999 1482 ut
1020 1422 1277 1483 Hecatombseone

173 1502 344 1586 ,scripserim
369 1524 497 1585 eumque
510 1503 604 1584 igitur
616 1524 764 1584 mensem,
789 1507 956 1568 rationibus
970 1507 1149 1588 quibusdam
1160 1509 1200 1567 ad
1211 1524 1278 1567 cem

168 1610 239 1652 rem
256 1590 377 1667 ductus,
391 1591 424 1649 in
438 1589 646 1650 Demosthenis
655 1600 745 1650 textu
758 1593 888 1672 reponit.
910 1592 1023 1654 Verum
1035 1593 1210 1652 certissimis
1224 1612 1278 1651 sr-

175 1676 325 1754 gumentis
339 1675 490 1750 evineam,
508 1669 588 1735 hono
603 1697 668 1736 rem
689 1678 849 1756 contigisse
869 1678 958 1738 etiam
980 1689 1049 1738 snte
1068 1698 1200 1737 mensem
1212 1678 1276 1737 Hs·

175 1756 427 1837 tetombaeonem,
441 1761 494 1840 qui
506 1761 659 1821 antevenit
668 1761 872 1822 iuius-tunium
887 1762 1101 1825 Chaeronense.
1122 1764 1217 1822 Eccos

261 1842 428 1927 Philippus,
435 1844 681 1926 Amphictyonici
692 1845 764 1906 belli
776 1848 942 1929 imperetur
956 1849 1064 1926 foetus,
1075 1848 1210 1928 primum
1221 1862 1276 1906 oo·

340 1930 497 2009 culteagit
513 1948 581 1990 eum
593 1931 692 2009 sociis,
705 1932 858 2011 simulans,
876 1954 907 1995 se
919 1932 1190 2015 dsnphictyoniene
1202 1950 1275 1993 cau-

338 2036 388 2075 ses
403 2016 531 2076 studere.

227 2104 231 2109 ’
260 2099 377 2161 Bellum
389 2110 476 2182 perot
490 2100 728 2163 eontrsLoeros.

256 2186 391 2248 Phocide
405 2195 587 2249 conventum
599 2188 713 2247 statuit.

259 2271 366 2333 subito
386 2292 557 2348 conversus,
580 2266 833 2352 Amphictyonico
845 2266 925 2333 hello
938 2272 1040 2332 volere
1051 2272 1149 2347 iusso,
1169 2279 1275 2330 eontra

341 2359 471 2417 Graecos
489 2357 718 2437 necopinantes
736 2377 819 2417 ormo
836 2358 931 2418 vertit
948 2367 1038 2436 atque
1049 2358 1198 2439 illaesum,
1221 2374 1275 2412 ar-

339 2462 405 2500 cem
416 2442 657 2519 munitissimam,
675 2454 813 2523 occupet.

173 2525 236 2588 lam
253 2546 323 2603 ergo
337 2536 406 2586 unte
421 2536 539 2607 captum
552 2527 687 2586 Eloteem
707 2529 747 2586 nd
759 2528 998 2607 Peloponnenses
1015 2533 1104 2603 atque
1119 2522 1217 2582 socios
1230 2522 1273 2580 li-

172 2620 254 2672 teras
283 2610 368 2669 dedit
391 2605 559 2691 Philippus.
600 2608 812 2671 Demosthenes
839 2610 919 2669 enim
940 2609 1132 2667 disertissime
1156 2606 1272 2684 scribit,
1348 2648 1354 2659 ·

77 2710 82 2717 '
173 2715 260 2769 eum,
281 2714 349 2753 cum
372 2694 531 2767 lineescri
553 2696 642 2772 serit,
667 2690 862 2756 dissimuletis
881 2694 1019 2768 insidiis,
1041 2700 1115 2773 ques
1130 2693 1273 2752 Graeciae

121 2784 124 2788 ’
173 2789 337 2866 struxeret,
349 2780 447 2840 videri
456 2718 708 2862 Amphictyonics
719 2781 862 2839 mandata
881 2774 1105 2881 exsequentem:
1127 2769 1211 2841 ταῦτ’
1223 2775 1273 2840 tut

172 2861 230 2947 τὴν
248 2860 376 2928 Ἑλλάδα
392 2863 532 2942 καὶτούς
546 2867 701 2947 Θηβαίους
721 2863 775 2927 eal
794 2864 876 2946 ὑμᾶς
899 2886 1042 2947 noussen*
1056 2857 1272 2945 ἐπεκρύπτετο,

172 2940 264 3014 κοινοὶ
285 2943 318 3012 di
333 2946 386 3012 sot
403 2957 466 3027 τοῖς
483 2940 685 3033 ’qutmdoo
703 2944 832 3026 δόξοντα
851 2957 951 3012 ποιεῖν
969 2956 1185 3031 προσεποιεῖτο.
1204 2966 1271 3028 pag.

172 3039 247 3112 279,
260 3039 312 3101 22.
333 3036 431 3114 Atque
447 3037 549 3097 eadem
565 3035 678 3116 puriter
698 3055 735 3094 ex
749 3035 843 3095 literis
856 3035 931 3116 ipsis
946 3032 1080 3116 Philippi
1094 3032 1272 3113 colligimus.

172 3119 234 3181 Ilm
248 3131 349 3180 autem
370 3141 518 3181 ΕΙιΛΤΗ
540 3141 663 3180 (ΞΔΠΔ
683 3142 752 3181 ΒΗ·
775 3140 870 3180 titt}
892 3138 1047 3183 MERUM
1068 3138 1272 3179 ΠΕΟΗΟΜ·
1368 3124 1378 3141 ⁸

172 3226 245 3265 ur
255 3226 300 3265 on
309 3226 366 3264 ess.
387 3207 464 3266 Nam
477 3226 548 3265 curn
559 3206 691 3282 nuncius
703 3204 835 3266 Athenas
854 3207 892 3265 de
907 3226 941 3265 ea
956 3226 990 3265 rs
1005 3215 1081 3265 esset
1093 3205 1228 3283 perlutus
1242 3214 1273 3261 et

172 3298 257 3350 tenta
281 3292 361 3350 fucta
382 3292 493 3351 civium
509 3292 728 3368 consternatio,
751 3295 893 3351 Senatum
908 3293 988 3351 Coss.
1009 3288 1157 3351 indicunt.
1185 3287 1272 3344 Deli-

171 3374 346 3435 berantibus
360 3376 459 3435 visum
474 3386 521 3435 est
532 3376 797 3454 consultissimum,
809 3386 848 3436 ut
862 3376 1026 3449 Thebanos,
1040 3373 1066 3431 si
1082 3388 1140 3449 quo
1151 3370 1272 3430 rstione

170 3458 208 3519 id
226 3459 293 3519 fieri
311 3461 477 3541 potuisset,
495 3461 530 3519 in
547 3461 718 3520 societatem
737 3472 848 3522 contre
869 3460 1043 3538 Philippum
1061 3456 1272 3516 adsciscerent„

174 3544 259 3620 Quae
273 3567 319 3605 res
331 3546 500 3605 inmortale
512 3545 596 3607 istud
609 3546 764 3606 decretum
777 3546 902 3629 peperit,
915 3544 968 3602 nbi
978 3537 1182 3603 Demosthenis
1195 3541 1272 3600 fides

163 3634 205 3690 ·'et
213 3631 375 3711 prudentia
386 3628 543 3712 explorata
555 3639 600 3691 est
613 3632 762 3708 maxime,
786 3632 825 3690 de
842 3625 1133 3689 mittendis·Tlrebss
1154 3625 1271 3704 legatis,

175 3725 384 3776 conservatum
398 3716 432 3775 in
444 3712 503 3778 hoe
517 3717 652 3777 oratione
662 3718 762 3776 verbis
775 3711 924 3794 expressis
938 3732 1003 3793 pag.
1014 3716 1087 3779 288·
1099 3721 1129 3771 et
1142 3730 1272 3790 sequen-

173 3801 263 3860 tihus.
285 3801 320 3859 ld
332 3810 431 3858 autem
455 3803 484 3860 S.
501 3802 532 3861 C.
546 3814 648 3883 aperte
660 3802 773 3861 dieitur
795 3819 857 3858 esse
879 3798 975 3857 lotum
991 3794 1272 3877 Scirrhophosionis

169 3885 224 3946 dic
236 3886 317 3947 xvi.
339 3886 418 3964 Ergo
431 3897 502 3949 astte
514 3906 585 3953 eum
597 3902 729 3951 mensem
746 3885 797 3945 vel
816 3884 922 3944 saltem
938 3906 973 3945 eo
986 3885 1114 3947 ineunte,
1127 3892 1216 3962 capte
1225 3891 1273 3941 est

173 3971 286 4049 Elutco,
302 3971 435 4052 adeoque
446 3983 519 4047 ,ante
529 3969 825 4047 Hecatomboeonom,
839 3970 893 4051 qui
908 3967 1208 4049 Scis-rhophorionem
1222 3988 1272 4026 se·

174 4056 288 4139 quitur,
304 4067 425 4118 exorato
445 4058 520 4119 hoec
533 4055 666 4139 Philippi
685 4056 820 4139 epistola.
846 4054 930 4117 Nihil
943 4055 1002 4125 ltse
1008 4053 1273 4133 argumentatione

176 4143 289 4202 certius
313 4164 376 4203 esse
397 4143 503 4226 possit.
535 4142 641 4223 Itaque
664 4162 729 4203 non
747 4138 801 4203 hie
816 4142 994 4223 reponemus
1011 4136 1273 4219 Ἑκατομβαιῶνος

173 4224 243 4287 loco
258 4231 315 4291 sou*
327 4230 569 4310 Βοηδρομιῶνος,
580 4237 616 4289 ut
630 4227 731 4291 voluit
748 4229 798 4289 vir
813 4228 866 4289 ille
879 4224 1071 4289 clarissimus.
1091 4222 1272 4287 Pinxituuru

172 4322 228 4386 est,
244 4322 278 4370 ut
293 4311 505 4392 dispiciemus,
521 4310 628 4375 utruni
638 4335 759 4376 necesse
769 4323 830 4389 est,
849 4310 1054 4375 utfaeesseret
1064 4318 1182 4389 atque·
1200 4307 1271 4367 loco
