2774 4740
182 209 247 277 set
440 230 456 244 ·
542 185 928 263 ΔειειοεεοιουεοΙ

183 362 302 453 sigeium
315 369 566 449 interrogationis.
587 359 643 427 Est
659 366 734 428 haec
752 364 947 447 hypophem,
964 383 1051 443 quam
1067 352 1211 423 contium
1227 379 1278 421 ee-

183 463 284 541 quitur
297 456 534 537 anthypophora.
556 473 711 513 sonarem.
833 512 838 534 Ι
1093 504 1097 511 ,

265 562 297 636 P·
311 562 382 623 329.
393 578 423 615 v.
438 561 488 619 11.
515 551 707 641 ἐπεδίδοσαν]
733 550 811 613 Vide
832 538 922 632 supra
942 551 980 611 ad
999 549 1137 610 leschin.
1156 569 1187 628 p·
1204 549 1278 612 407.

181 638 238 705 uit
253 644 310 703 col.
326 649 356 707 2.
374 660 503 700 ranan.
1196 670 1199 674 ,
1348 706 1353 716 .

266 744 297 802 P.
309 745 382 806 329.
397 761 426 800 ν.
444 745 493 803 12.
521 734 555 802 τά
570 770 611 785 -
626 731 788 820 άρμάριον]
809 737 898 816 Vulg.
918 732 952 798 τά
976 732 1207 836 συνειλεγμένον,
1225 724 1279 835 aip-

181 822 287 913 μάριον
302 827 344 899 είς
359 821 415 903 τήν
426 824 584 903 ἐπιτιμίαν.
605 820 638 902 τά
654 821 878 903 συνειλεγμένον
893 821 936 894 είς
947 815 1005 900 τήν
1026 819 1175 899 ἐπιτιμίαν
1186 838 1279 898 αργυ-

181 932 249 993 ριον
263 911 387 987 August.
393 908 517 988 primus.
530 927 626 965 narse.
636 907 725 983 Alter
735 907 787 966 ille
798 905 960 965 verborum
969 902 1047 964 ordo
1056 905 1175 964 videtur
1184 920 1278 981 prae-

181 995 333 1054 ferendus.
348 993 386 1051 V.
406 1001 469 1050 not.
484 991 523 1049 ad
536 1010 567 1071 p.
579 996 652 1067 287,
675 996 704 1058 6.
725 1010 880 1055 scamma.

63 1140 69 1151 ·
178 1102 199 1109 ”
238 1100 241 1105 ’
265 1096 296 1153 P·
310 1097 381 1161 829.
395 1112 425 1150 v.
442 1096 490 1157 12.
513 1091 556 1165 είς
567 1087 623 1170 τήν
635 1088 803 1175 ἐπιτιμίαν]
826 1092 958 1172 Apparet
965 1110 1056 1170 ,eum
1071 1089 1162 1150 fuisse
1178 1086 1278 1145 inae·
1350 1078 1354 1083 ’

180 1179 267 1241 retiis
289 1187 479 1255 coactamque
495 1175 652 1255 pecuniam
668 1174 706 1232 ad
727 1175 901 1252 dignitatem
918 1174 1152 1256 recuperandam
1168 1168 1280 1231 callide

90 1302 93 1309 ·
178 1260 297 1323 civitati
320 1262 458 1335 donasse,
480 1268 597 1318 utnon
620 1260 735 1319 solvere
756 1260 901 1335 debitum,
924 1260 977 1318 scd
991 1260 1024 1319 in
1039 1278 1132 1339 remp.
1146 1254 1278 1316 liberalis

177 1340 329 1407 exstitisse
343 1344 503 1403 videretur.
517 1345 761 1403 consentaneum
776 1343 853 1402 elsim
868 1357 913 1402 est
926 1345 952 1401 ei
966 1345 1110 1405 mulctam
1129 1363 1146 1400 a
1160 1338 1278 1420 populo

180 1431 269 1490 finisse
287 1439 359 1510 post
378 1426 438 1487 hoc
458 1429 571 1487 factum
587 1428 748 1486 remissam.
769 1446 867 1486 wear.
890 1431 987 1508 Supra
1007 1448 1038 1508 p.
1054 1432 1132 1501 334,
1147 1430 1176 1490 4.
1196 1424 1279 1484 Bene

176 1512 230 1575 ln'e
253 1533 283 1572 se
306 1513 395 1591 gessit
413 1511 613 1586 Toumeiiius,
637 1531 726 1591 quem
749 1513 1039 1572 consulas.²Ferrus:
1062 1515 1076 1569 ι’
1096 1508 1229 1584 danari,
1250 1511 1277 1565 ι’

180 1597 279 1656 haara
291 1598 439 1676 ragunati
450 1597 625 1654 Aristonico
643 1617 700 1674 per
719 1598 828 1653 ritener
841 1597 869 1653 il
889 1618 945 1655 ειιο
959 1596 1078 1655 Ιιοηονε.
1099 1593 1277 1653 Lambinus:

177 1685 337 1761 percantare
358 1681 578 1738 incolumitatis
600 1683 730 1737 arcissae
750 1679 972 1758 recuperandae
995 1683 1104 1761 gratia
1130 1689 1277 1736 coactam.

179 1763 351 1827 Petionius‘:
376 1776 511 1822 coactam
520 1768 682 1842 protanam
703 1762 748 1821 ad
767 1764 1004 1843 recuperandam
1026 1764 1214 1844 dignitatem.
1236 1761 1279 1820 Et

181 1850 232 1908 alii
245 1850 389 1908 similitor.
412 1849 574 1929 Ulpianus:
598 1844 648 1910 διά
662 1844 819 1928 τιμήντῆς
831 1842 953 1922 πόλεως.
975 1869 1104 1910 carnos.
1122 1882 1126 1887 ·

266 1966 300 2023 Ρ.
315 1969 385 2029 329.
398 1985 428 2023 v.
444 1971 492 2030 13.
513 1966 679 2046 παρῆλθες]
689 1968 776 2044 Vulg.
789 1964 857 2029 οὕτε
872 1965 1035 2050 παρῆλθες.
1051 1963 1120 2031 erite
1130 1964 1279 2024 omittunt

181 2047 302 2127 Augtast.
319 2049 466 2108 secundus
485 2059 514 2108 et
535 2061 676 2129 quartus,
694 2052 864 2111 Bavaricus.
887 2050 999 2131 Deleri.
1013 2073 1051 2112 ne
1063 2049 1280 2127 totnegativae

179 2133 313 2191 taedium
327 2144 469 2194 crearent.
492 2134 549 2192 Sed
564 2136 675 2202 nollem
690 2155 772 2194 nuno
785 2137 906 2195 sactum.
928 2138 996 2197 Non
1015 2158 1048 2194 ea
1067 2146 1129 2195 erat
1145 2143 1191 2193 sat
1206 2152 1279 2210 gra-

107 2282 111 2288 *
178 2217 226 2299 ¹ria
244 2237 340 2275 causa.
362 2238 399 2275 ne
411 2229 475 2275 tam
493 2217 613 2297 quidem
626 2241 717 2297 neque
727 2219 865 2298 prodisti
885 2243 978 2300 neque
991 2222 1124 2301 largitas
1142 2239 1173 2276 ee
1188 2220 1279 2297 quic·

181 2310 282 2380 qaam.
307 2320 401 2361 uersis.
426 2299 496 2364 οὔτε
515 2307 670 2383 παρῆλθες
687 2302 812 2362 Bekker.
831 2305 880 2363 Sic
894 2307 982 2364 etiam
997 2307 1081 2385 prior
1097 2303 1278 2380 Gottingeu-

181 2384 230 2444 sis.
253 2386 311 2443 sel
323 2387 354 2443 in
371 2389 463 2445 altera
478 2386 627 2445 Dissenius
646 2383 815 2451 sternacis
835 2389 969 2464 inclusit,
991 2388 1048 2448 hac
1065 2399 1136 2447 nota
1158 2385 1279 2444 adsmi-

178 2479 245 2548 pta:
268 2466 356 2543 „ories
369 2471 510 2528 oniittunt
518 2472 619 2548 plures
633 2471 714 2546 libri,
729 2481 825 2545 recte3
841 2494 910 2531 nam
926 2495 1016 2552 quum
1030 2474 1081 2532 hic
1095 2472 1174 2531 nihii
1184 2491 1277 2550 prae-

179 2563 227 2611 ter
252 2553 387 2623 ἐπίδοσιν
407 2553 552 2629 significet
573 2564 690 2629 orator,
714 2556 862 2635 particula
886 2558 1067 2616 disiunctiva
1086 2555 1278 2617 incommoda

149 2638 153 2648 '
179 2638 254 2693 est.“
277 2636 345 2692 Non
361 2637 515 2695 assentior.
535 2639 641 2715 Magna
652 2639 699 2696 vis
716 2650 761 2697 ost
777 2640 810 2697 in
826 2642 921 2714 aerbo
929 2647 1093 2723 παρῆλθες.
1113 2638 1276 2699 Aeschines

72 2784 74 2788 ,
179 2712 362 2799 άπράτερον
382 2714 524 2793 πολλάκις
543 2716 753 2803 φθεγξάμενος
774 2722 824 2787 ἐπὶ
844 2730 900 2787 τοῦ
910 2720 1053 2805 βήματος,
1073 2735 1278 2804 quotompore
1362 2764 1367 2775 .

177 2803 306 2883 pecunia
321 2804 472 2881 largienda
486 2815 560 2863 esset
576 2807 613 2864 ad
626 2808 814 2867 necessitates
829 2806 958 2868 civitatis
973 2810 1179 2885 sublevandas,
1195 2806 1278 2867 eavit

176 2892 342 2971 παρελθεῖν
357 2888 409 2950 καὶ
420 2889 623 2970 φθέγξασθαι.
646 2912 801 2951 scemeca.

197 2998 200 3003 ’
262 2990 294 3048 Ρ.
308 2994 379 3054 829.
391 3009 421 3048 v.
438 2992 486 3057 15.
509 2989 589 3070 (πῶς
606 2987 681 3075 γάρ,·
693 3026 737 3039 -
751 2996 843 3073 δῆλον
850 2990 889 3073 )]
913 2994 1098 3074 Tollesigna
1109 2991 1276 3076 parenthe-

177 3088 251 3149 ιεοο,
268 3074 376 3152 quibus
391 3075 550 3135 Reiskinn
565 3097 632 3136 cum
652 3078 757 3137 ceteris
770 3088 859 3136 caret.
880 3099 1037 3139 scaterent.
1073 3110 1076 3117 ·

261 3177 293 3233 Ρ.
308 3181 379 3241 329.
390 3197 421 3236 v.
438 3179 485 3244 15.
512 3173 546 3252 tn
561 3201 594 3261 γε
605 3173 915 3259 -πιντεταλάντων]
933 3181 1033 3241 (litant
1051 3180 1164 3243 Anecd.
1178 3180 1276 3241 Bekk.

176 3276 207 3337 p-
222 3262 292 3334 150,
303 3267 354 3324 21.
375 3283 531 3323 scaranem.
1069 3297 1072 3303 ·

225 3360 233 3371 ’
261 3359 294 3417 Ρ.
308 3366 378 3428 829.
390 3383 420 3421 v.
439 3370 487 3430 15.
504 3362 537 3440 iic
551 3368 602 3449 με]
618 3364 699 3443 ὅστις
719 3367 829 3428 Aldina
844 3366 1083 3446 Taylorimmsss.

261 3459 293 3517 P.
307 3465 377 3525 329.
392 3485 422 3521 v.
438 3467 484 3529 15.
509 3466 666 3549 Φίλωνος]
690 3470 801 3549 ’φίλων
821 3469 932 3528 Anecd.
954 3468 1047 3527 Bekk.
1066 3468 1102 3527 V.
1115 3478 1177 3527 not.
1193 3467 1232 3526 ad
1243 3490 1275 3550 p.

177 3545 256 3618 804,
284 3550 332 3608 17.
354 3566 509 3609 sanassent.
582 3620 585 3625 Ι

261 3645 292 3702 Ρ.
307 3651 377 3711 329.
391 3670 419 3707 v.
436 3656 484 3716 16.
506 3647 762 3727 πεντεταλάντου]
789 3653 876 3730 Vulg.
889 3652 976 3715 πέντε
989 3650 1150 3720 ταλάντων.
1173 3659 1275 3718 Vitio-
1338 3648 1342 3655 ²

176 3747 239 3785 sam
254 3728 331 3789 hanc
347 3754 407 3792 esse
419 3736 578 3796 lectionem
590 3749 684 3817 paret.
706 3740 767 3796 Aut
783 3743 887 3803 πλεῖον
910 3734 932 3817 ἢ
951 3737 1037 3803 πέντε
1056 3739 1210 3806 ταλάντων
1225 3744 1275 3801 le-

175 3812 303 3912 gentium
320 3825 380 3892 cst,
396 3820 580 3899 plusquam
601 3823 620 3886 5
642 3824 835 3896 talentorum,
858 3832 908 3880 aut
931 3824 991 3882 dno
1016 3829 1163 3887 vocabula
1187 3826 1276 3890 πέντε

175 3900 472 3962 ταλαντωνίουιιυοι
485 3914 554 3963 sunt
567 3905 779 3981 contrahenda,
788 3904 1037 3987 πεντεταλάντου,
1054 3914 1134 3990 quod
1144 3923 1208 3969 tum
1217 3913 1275 3972 erit
1369 3971 1372 3975 .

176 3979 366 4078 adiectivum.
388 3981 522 4068 χρήματα
536 3986 752 4052 πεντετάλαντα
768 4001 839 4050 sunt
854 3993 1010 4051 facultates
1028 3996 1128 4054 valore
1143 3996 1274 4095 quinque

173 4063 293 4124 talentis
309 4071 552 4149 aequiparandae,
575 4084 611 4132 ut
625 4074 725 4134 statim
745 4075 778 4142 iu
792 4076 959 4135 continenti
972 4076 1082 4152 legitur
1096 4080 1273 4143 διτάλαντον

177 4146 291 4225 ἔρανον.
312 4173 408 4214 natea.
430 4156 516 4220 πέντε
529 4153 681 4222 ταλάντων
698 4161 773 4220 ¹cum
792 4158 879 4219 libris
898 4160 969 4218 dant
984 4160 1200 4223 lnecdsltekk.
1223 4165 1274 4223 sic

175 4232 379 4298 Wuadcrlich.
401 4241 501 4319 Recte,
517 4252 552 4301 ut
565 4255 650 4324 puto.
666 4240 839 4328 χρήματα
851 4239 1067 4308 πεντετάλαντα
1080 4245 1171 4310 habet
1186 4249 1270 4327 quod
