2774 4740
378 234 438 297 ab
466 234 603 299 ORAT.
633 234 724 297 reo
753 235 955 302 CORONA.
1146 246 1209 310 tte

103 405 164 468 bat
178 405 229 465 Fr.
244 403 281 465 1.
294 403 425 465 Woliius
441 404 482 465 ad
495 405 610 494 Leptin
621 426 653 486 Ρ.
668 403 741 472 246.
754 402 802 466 Et
820 402 882 466 boo
895 406 1024 469 mmm
1035 406 1070 470 in
1082 409 1209 475 alteram
1286 352 1289 357 Ι

103 489 334 553 Wunderliebii
347 490 518 550 editionem.
541 510 699 554 sonum.

178 602 182 607 '
197 594 358 657 112491.
374 596 423 657 13.
449 586 546 672 εἶπεν]
573 593 645 654 Post
655 588 688 652 lr.
702 612 733 653 v.
753 610 835 673 pone
857 612 926 653 oum
943 592 1079 657 Bekkero
1100 596 1209 658 subdi-

104 677 313 741 stincfionem.
335 676 503 738 cohaerent
516 677 598 736 enim
611 672 1032 758 αἶστον-ἕτττμεληθῆναλ-.
1052 702 1208 745 someron.

195 770 232 841 P.
244 781 318 845 249.
330 795 360 836 v.
377 782 426 846 18.
448 778 493 860 ἐν]
516 778 638 838 Omittit
649 779 775 859 August.
794 787 930 858 quartus.
950 798 1047 842 aaran.

196 882 230 942 P.
242 884 314 947 249.
327 900 358 939 v.
373 881 422 946 15.
444 877 514 963 ἄρα]
538 881 690 943 Omittunt
700 881 794 942 Pario.
812 879 944 960 primus,
966 882 1131 961 secundus,
1144 895 1210 947 ter·

105 963 464 1045 tins‚Angost.p1imus,
480 966 592 1025 Aldina
607 965 738 1047 Taylon'.
759 985 854 1025 aaran.
876 965 980 1025 Malim
998 968 1148 1029 omissum.
1175 970 1210 1031 in

104 1030 314 1135 psepbismete
321 1047 440 1130 quidem
452 1049 495 1110 sic
503 1050 733 1132 positumhebet
744 1050 826 1130 quod
839 1050 1080 1131 parumplaoeat.
1093 1074 1210 1115 sorum.

195 1153 229 1214 Ρ.
244 1155 316 1218 249.
328 1170 359 1211 Υ.
376 1154 425 1217 15.
446 1146 664 1232 Λεωδάμαντα]
685 1152 796 1213 Utrum
812 1150 837 1210 is
861 1159 922 1227 est,
943 1152 997 1229 qui
1017 1152 1052 1210 in
1070 1157 1115 1237 τῷ
1135 1150 1213 1217 sord

113 1230 270 1319 Ἠμᾶοχου
290 1236 480 1313 exagitatur?
509 1256 609 1297 wom.
645 1235 845 1316 Λαομέδοντα
863 1236 956 1295 Codd.
980 1236 1111 1316 Guelpla
1136 1239 1212 1318 Aug.

108 1321 187 1382 Ven.
214 1324 244 1403 β.
269 1342 291 1383 τ.
313 1319 489 1397 Regiorum:
512 1342 571 1399 quo
591 1321 715 1381 nomine
732 1329 862 1381 vocetur
881 1339 955 1379 mox
976 1317 1013 1381 ab
1025 1322 1156 1401 Ulpiano
1177 1325 1214 1383 in
1295 1347 1301 1359 ·
1328 1322 1336 1331 '

108 1410 192 1486 οιαὶ.
208 1416 240 1465 et
250 1406 289 1464 in·
296 1404 433 1485 Epistola
445 1403 592 1486 Philippi,
606 1426 682 1485 quae
697 1405 843 1485 sequitur.
860 1425 990 1465 ramora.
1010 1402 1214 1487 Λεοδοὶμαντα

84 1490 238 1567 augme
249 1490 409 1549 semmdus.
429 1486 628 1570 Λαομέδοντα
640 1492 764 1569 August.
776 1490 902 1569 primus.
924 1509 1020 1549 anst.
1046 1491 1082 1551 V.
1095 1501 1159 1552 not.
1173 1490 1213 1553 ad
1252 1484 1263 1495 ”
1293 1516 1315 1541 -.

108 1595 144 1655 p.
161 1578 234 1649 251,
247 1581 279 1643 8.
301 1584 330 1633 et
344 1573 381 1631 G.
398 1572 533 1634 Diodori.
549 1575 588 1634 od
600 1574 741 1635 Aeechin.
756 1595 788 1654 Ρ.
805 1580 876 1641 183.
898 1594 1053 1634 senseras.

195 1676 230 1736 Ρ.
240 1678 313 1741 249.
326 1695 356 1735 v.
369 1678 418 1739 16.
441 1672 568 1759 εἴκοσιν]
591 1675 714 1735 Omittit
726 1675 817 1735 Paris.
834 1685 948 1734 sextus.
970 1696 1066 1736 aaron.

195 1776 230 1837 Ρ.
242 1780 314 1843 aaa.
324 1796 356 1834 ν.
373 1780 422 1841 λο.
444 1775 486 1850 ολ,
498 1770 736 1858 Ἑλλήοννοννον]
759 1776 790 1851 λε
805 1771 1023 1856 Ἑλλνοννσννον
1040 1754 1212 1839 Lemana.
1319 1832 1322 1837 ⁴

107 1861 231 1924 Inscite.
257 1862 326 1921 Non
338 1860 440 1941 potuit
461 1860 608 1922 inscitius.
638 1861 798 1921 Estsoilic.
820 1854 923 1940 σκάφη
945 1856 1149 1925 ἀποσταλέντα
1170 1865 1214 1937 eie

107 1940 332 2027 fflsiononov
344 1944 397 2007 tut·
407 1941 465 2024 τήν
480 1950 537 2007 τοῦ
561 1948 645 2009 σίτου
669 1941 885 2049 παραποΡτσήν.
900 1965 1030 2005 aanor.
1058 1948 1127 2007 Non
1143 1966 1214 2008 cum

109 2026 324 2111 ἆποσταλὲνια
330 2024 501 2109 obpulenda
515 2040 596 2106 sunt,
613 2029 666 2089 sed
677 2050 747 2089 oum
761 2052 817 2111 την
831 2034 887 2092 τοῦ
899 2031 982 2093 σίτου
995 2026 1213 2114 παραπομπήν.

108 2136 205 2175 naves
218 2115 340 2174 bellicas
358 2135 428 2173 cum
438 2114 638 2173 Leodamante
651 2115 771 2189 missas,
795 2134 855 2192 quo
872 2134 964 2174 naves
980 2118 1130 2176 onerarias
1143 2118 1214 2177 sru-

107 2209 217 2260 ments
225 2198 368 2260 vehentes
381 2205 482 2258 tuto'e
494 2199 590 2260 Ponto
609 2219 666 2279 per
678 2200 907 2279 Hellespontum
919 2200 953 2259 in
967 2204 1051 2260 mare
1064 2201 1215 2279 Aegaeum

111 2284 305 2363 deducerent.
329 2283 423 2343 Clossi
435 2282 662 2343 Atheniensium
677 2284 898 2359 frumentariae,
918 2303 993 2361 quae
1008 2287 1169 2361 quotannis
1180 2285 1216 2343 in
1245 2284 1247 2288 '

107 2370 245 2431 Pontum
256 2369 340 2429 mitti
351 2368 475 2444 solebat,
494 2368 624 2447 periculi
639 2388 756 2427 summa
774 2376 839 2426 erat
856 2366 890 2424 in
913 2367 1046 2426 traiectu
1064 2390 1120 2448 per
1136 2370 1215 2427 Pro-

108 2452 269 2535 pontidem
283 2452 564 2533 etHellespontum,
577 2451 608 2511 h.
625 2472 649 2511 e.
663 2448 947 2533 praeterThracism
961 2459 991 2509 et
999 2451 1215 2513 Macedoniam.

110 2539 181 2599 Non
192 2539 225 2599 in
237 2536 435 2617 Hellesponto
450 2546 536 2597 erant
552 2537 687 2617 emporia
714 2536 924 2613 frumentaria,
946 2534 999 2595 sed
1018 2536 1051 2595 in
1067 2537 1164 2597 Ponto
1184 2545 1216 2597 et

111 2623 154 2682 ad
168 2620 622 2703 paludem·ltlaeotidem.na1sr.
650 2621 757 2681 Verius
771 2610 937 2700 'laylorum
957 2621 995 2681 de
1008 2622 1216 2683 constructio-

108 2728 152 2768 ne
170 2706 334 2767 verborum
353 2707 505 2767 monuisse
523 2708 621 2785 arguit
639 2705 772 2787 Philippi
790 2706 928 2785 Epistola
948 2726 980 2785 p.
1000 2707 1074 2784 251,
1093 2713 1124 2774 7.
1130 2753 1140 2785 ,
1161 2706 1215 2787 qni

108 2793 199 2853 loeus
205 2836 215 2868 ,
234 2791 360 2872 opinor,
381 2791 559 2851 Lambinum
572 2791 684 2867 movit,
703 2801 741 2849 ut
752 2790 905 2868 vulgatam
921 2790 1095 2852 solicitaret
1123 2792 1216 2866 Quod

108 2878 227 2939 trasna
239 2877 344 2936 fecisse
355 2875 458 2935 virum
469 2876 619 2954 egregium
634 2885 670 2935 ut
683 2895 771 2934 nemo
785 2893 848 2933 non
859 2874 951 2950 videt,
959 2924 961 2929 ,
970 2874 1015 2933 ita
1028 2877 1152 2956 Teylori
1161 2877 1215 2937 in-

108 2960 272 3041 temperies
284 2961 459 3021 humanitus
478 2971 626 3020 errantem
648 2956 710 3019 tom
725 2958 828 3019 acerbe
843 2959 1132 3039 corripientianullo
1145 2982 1215 3020 mo·

108 3045 158 3105 do
176 3043 296 3105 ferenda
316 3055 371 3105 est.
395 3039 499 3125 σκάφη
518 3044 657 3104 Reiskius
675 3053 758 3105 recte
778 3044 872 3102 vertit
890 3065 985 3101 naves
1003 3042 1137 3102 bellicas.
1158 3046 1215 3102 Di-

112 3138 231 3189 ountur
243 3132 334 3193 saleio
347 3150 377 3189 v.
393 3134 444 3195 23.
459 3151 490 3208 Ρ.
505 3134 578 3205 250,
596 3136 644 3198 13.
664 3150 695 3209 Ρ.
711 3129 784 3202 251,
799 3134 829 3195 8.
842 3130 871 3192 6.
886 3132 938 3192 20.
959 3148 990 3205 Ρ.
1002 3130 1075 3201 262,
1092 3132 1121 3192 6.
1153 3126 1216 3186 Νο-

110 3214 250 3295 queulle
264 3214 431 3274 hiereneus
446 3214 636 3290 ambiguitas:
659 3212 744 3271 cuim
759 3211 902 3270 vitandae
924 3229 993 3286 ergo
1014 3208 1085 3269 alibi
1102 3210 1216 3271 dicitur

109 3292 205 3379 τᾴοἷα
219 3293 329 3383 μακρά,
344 3308 381 3358 ut
394 3321 425 3379 p.
444 3301 536 3373 1339,
553 3303 602 3363 12.
621 3298 669 3362 15.
691 3313 849 3355 semeron.

193 3400 232 3465 Ρ.
246 3404 320 3468 249.
332 3420 362 3459 v.
377 3404 426 3466 17.
450 3392 626 3479 στρατηγὸς]
649 3389 833 3477 στρατηγοΰς
850 3394 944 3455 Paris.
968 3394 1092 3476 quintus
1115 3406 1146 3457 et
1165 3418 1215 3457 se-
1306 3412 1309 3419 ·

110 3482 237 3568 ptiinus.
259 3484 319 3545 Sed
332 3485 455 3552 videtur
473 3482 550 3542 haec
563 3481 719 3541 armotatio
735 3480 773 3541 ed
794 3500 824 3540 v.
841 3486 892 3548 23.
913 3482 1085 3561 referenda,
1111 3483 1165 3543 ubi
1184 3504 1214 3545 v.

110 3590 210 3631 nmen

198 3671 233 3731 Ρ.
244 3674 317 3737 249.
329 3692 359 3734 v.
375 3676 425 3740 17.
446 3664 647 3753 καταγήοχεν]
671 3668 744 3729 cod.
763 3667 857 3728 Bekk.
879 3644 916 3727 de
938 3669 1113 3729 melioribus
1128 3692 1215 3731 κατα-

109 3755 239 3843 γείοχεν,
255 3775 330 3834 quae
345 3760 443 3818 forma
454 3758 575 3817 videtur
590 3758 661 3816 satis
673 3753 823 3814 notabilis.
844 3754 1012 3832 Etymolog.
1027 3755 1067 3815 tl.
1083 3774 1108 3812 c.
1122 3758 1151 3827 9,
1163 3758 1215 3818 83.

108 3874 158 3888 -
171 3837 207 3906 sd
221 3839 326 3931 μέντοι
341 3836 461 3926 α’γείοχα
473 3846 617 3905 Βολοτοῖν
626 3842 689 3905 ἐστι
698 3841 798 3923 τροπῇ
810 3841 869 3900 τον·
881 3861 903 3917 η
914 3838 957 3911 εἰς
970 3835 1026 3919 τήν
1042 3861 1069 3901 ελ
1085 3839 1214 3917 δίφθογ-

109 3946 179 4011 γον.
201 3944 358 3985 sonum.
1145 3991 1148 3995 ⁴
1198 4008 1201 4013 Ι

199 4026 234 4089 Ρ.
248 4031 321 4095 219.
330 4048 361 4089 v.
376 4032 428 4095 20.
448 4026 472 4109 el
488 4024 599 4110 βουλαὶ]
629 4020 766 4091 οἷντὶτοῦ
778 4024 811 4091 oi
822 4023 989 4105 βουλευταί
1005 4040 1110 4097 ,worn

201 4128 235 4188 Ρ.
247 4132 321 4194 219.
335 4134 428 4196 nto.
450 4128 638 4209 σοναχθῶσι]
660 4131 801 4213 συναχθῇ
808 4123 937 4204 Guelph.
947 4124 1022 4203 Aug.
1037 4123 1128 4185 Viad.
1145 4142 1216 4185 cnm

110 4235 146 4275 α.
157 4221 189 4271 et
201 4234 225 4275 a.
241 4232 373 4275 aanor.
395 4218 538 4298 soram
550 4213 676 4291 August.
694 4213 821 4293 primus,
845 4208 978 4283 Schedae
989 4208 1157 4288 Sorinigeri.
1183 4209 1216 4269 Si

108 4296 222 4358 nullus
233 4296 374 4361 siimlaie
385 4299 520 4363 τιὼοοοοῐ
538 4299 717 4378 serupulus,
740 4302 928 4356 momentum
946 4312 1012 4356 non
1031 4294 1216 4359 dtrbitassem

157 4420 262 4475 Anam.
278 4421 318 4475 ad
328 4422 473 4480 Dmosrh.
488 4423 520 4476 Τ.
534 4422 576 4475 ΙΙ.
958 4410 991 4475 ll
