2774 4740
270 234 331 301 'so
358 228 582 295 ostana
602 230 904 295 uss-rzcssrs
931 232 1094 297 sacar.
1156 173 1220 345 ιιι
1329 198 1332 205 ’

140 413 190 463 tua
201 399 240 483 *).
254 420 385 462 aanor.
399 400 492 478 vulg.
509 395 579 463 odsi
590 393 657 463 τότε
671 396 803 482 σιγήσας,
824 394 898 468 adst
909 394 968 464 ν’ὕν
984 396 1158 484 Astosapes.
1173 397 1221 479 οό,

139 480 206 550 τότε
219 480 350 566 σιγήσας,
365 482 407 564 **)
424 488 482 546 νῦν
494 479 658 563 ἀφίσταμαι
671 486 792 562 August.
805 486 929 564 primus,
946 487 1103 562 socundus,
1123 489 1220 547 Bava-

140 570 237 644 ricus,
254 569 518 628 Meermannianus.
549 568 698 633 Posterius
720 564 790 631 midi
811 570 953 630 omittunt
972 581 1121 629 servantes
1139 572 1220 650 prius

141 654 236 715 Aldus
252 663 281 710 et
293 654 325 711 P.
335 653 494 712 Manutius.
515 653 553 711 Et
567 652 611 711 sic
622 652 740 711 volebat
755 654 1080 730 quoqueMarklaudus.
1101 655 1221 714 larinus

141 737 262 797 volebat
272 730 341 797 midi
353 730 411 797 τότ’
425 735 554 817 dalmas,
570 729 641 799 ον’δὲ
659 740 717 797 νῦν
732 730 904 815 α’φίσιαμαι.
923 737 1052 796 Restitui
1064 739 1222 797 lectionem

142 819 315 897 Augustani.
334 819 429 877 larini
448 819 619 879 coniectum
634 820 726 877 menti
740 820 865 879 oratoris
879 831 1041 899 repugnat,
1059 842 1135 900 quae
1148 822 1222 881 haec

98 914 101 919 '
143 915 201 963 est:
218 900 275 982 ωε)
295 923 357 977 me,
381 902 513 980 quitum
532 903 701 978 tacuissem,
721 923 802 963 uuus
818 913 910 984 caput
923 925 939 962 e
950 905 1056 982 laqueo
1070 904 1224 965 extrahere

143 997 231 1067 atque
245 1007 366 1063 negare,
382 984 456 1044 mihi
470 1008 537 1046 cum
546 987 611 1045 istis
625 986 712 1045 rebus
726 1008 881 1055 commune
900 988 1055 1067 quicquam
1068 1010 1132 1047 osse
1146 987 1221 1070 (voh

141 1091 258 1148 negare,
278 1090 325 1128 res
344 1070 409 1127 illas
424 1070 520 1129 adme
535 1067 703 1150 pertinere).
721 1072 784 1129 vel:
807 1092 869 1130 nou
884 1091 931 1128 me
953 1081 1017 1129 tum
1035 1073 1153 1150 quidem
1173 1082 1222 1133 ta-

144 1156 248 1233 cuisse,
258 1174 324 1232 cum
335 1154 419 1232 loqui
429 1150 711 1235 debuissem,utp0te
725 1164 857 1236 versatus
864 1157 898 1214 iu
905 1155 1009 1228 mediis
1017 1155 1103 1214 rebus
1117 1176 1223 1233 geren-

144 1238 271 1314 dis,'.iam
284 1257 355 1297 vero
368 1237 503 1296 dedicere
516 1249 546 1296 et
557 1239 670 1296 eiurare
683 1259 799 1299 omnem
807 1239 849 1297 rei
857 1238 944 1299 liuius
955 1238 1223 1321 participationem,

144 1342 213 1382 cum
230 1321 346 1380 videam
361 1320 524 1397 nequitiam
546 1318 695 1402 proditam
715 1318 746 1380 et
759 1342 829 1381 rem
848 1321 942 1381 secius
967 1323 1113 1398 evenisse,
1130 1331 1225 1401 squam

144 1425 311 1486 sperassem.
341 1405 458 1462 lurinus
483 1415 580 1464 autem
599 1404 676 1464 hanc
696 1405 722 1463 ei
740 1405 868 1485 imputat
887 1405 1061 1480 scatentium
1078 1406 1224 1466 alienissi-

142 1510 234 1549 anaur:
256 1508 304 1546 me
328 1508 423 1567 neque
438 1498 518 1549 tunc·
530 1488 672 1567 tacuisse,
695 1507 791 1568 neque
810 1509 891 1550 nanc
900 1491 1074 1550 renunciare
1084 1488 1155 1550 huic
1168 1510 1224 1552 ne·

143 1574 232 1652 gotio.
253 1592 350 1631 arras.
447 1594 476 1632 a.
1146 1595 1149 1601 ¹

227 1676 259 1733 P·
272 1677 343 1740 550.
355 1692 385 1731 v·
396 1678 448 1738 21.
468 1666 647 1755 Astosapes]
668 1675 704 1735 V·
718 1696 749 1757 p.
760 1675 833 1749 855,
845 1678 895 1739 20.
909 1675 959 1739 il·
987 1666 1141 1732 scalaria.

227 1775 259 1833 P.
273 1776 344 1841 850.
359 1795 388 1833 v.
402 1779 453 1839 21.
473 1769 667 1858 κατηγόρουν]
688 1775 817 1835 Verbum
834 1783 973 1852 augetur,
995 1794 1058 1832 non
1071 1774 1225 1855 praeposi-

144 1860 203 1919 tio:
220 1858 353 1936 quamvis
368 1852 516 1938 dyocesim,
537 1879 600 1917 non
611 1853 739 1941 όγορὲα,
761 1858 896 1935 dicatur,
910 1857 1036 1952 undefit
1049 1857 1228 1947 sempectas.

144 1963 244 2004 woar.

228 2043 260 2100 Ρ.
273 2043 343 2106 350.
356 2060 386 2099 v-
400 2045 451 2106 22.
468 2036 676 2125 προαραόμην]
698 2038 902 2129 [πρόφρων]
927 2040 994 2102 Ald.
1011 2041 1116 2100 habuit
1130 2065 1226 2125 προα-
1317 2102 1322 2123 ,

146 2120 251 2207 ριόμην
271 2144 339 2183 cum
360 2125 516 2183 Benenato.
546 2126 662 2185 Mecum
675 2126 761 2204 llegg.
778 2151 805 2188 α.
823 2129 850 2207 β.
865 2127 890 2188 d.
908 2126 1019 2205 Obsop.
1033 2124 1098 2184 ital.
1111 2126 1227 2187 Askei'v.

145 2229 277 2268 ramis.
307 2203 466 2289 προεώρων
484 2210 571 2267 etiam
589 2211 716 2286 Lessing.
734 2211 857 2287 August.
878 2210 1007 2288 primus,
1026 2208 1057 2267 P.
1076 2208 1228 2268 Manutius
1316 2275 1320 2283 .

145 2313 215 2352 curn
228 2292 347 2350 Wolfio.
356 2300 460 2351 aaran.
473 2288 632 2374 προειόρων
646 2295 770 2354 Beklser.
791 2312 944 2352 acimaas.

230 2395 262 2452 P.
279 2397 453 2463 350·v,·22·
474 2391 497 2472 ἦ
512 2390 623 2473 βουλή]
658 2393 745 2471 Vulg.
761 2389 930 2472 ναὶβουλή.
966 2386 1086 2452 Ριοιιαό
1103 2388 1183 2471 eat'sf
1196 2374 1231 2449 in

146 2477 271 2553 August.
288 2477 386 2556 primo
399 2487 428 2535 et
441 2478 578 2552 secando,
594 2477 747 2552 Bavarico,
760 2476 1007 2553 Mearmanniano,
1023 2475 1108 2546 editt.
1124 2472 1155 2534 P.
1162 2475 1229 2536 Ma·

146 2562 225 2620 uutii
242 2571 273 2618 ct
286 2561 393 2620 wolfii.
412 2561 451 2618 Et
465 2562 508 2620 sic
520 2561 645 2627 correxi.
664 2580 761 2621 arist.

230 2661 262 2718 P.
276 2661 346 2724 350.
362 2680 392 2721 v.
405 2666 455 2727 23.
473 2657 598 2746 ἐπῄνεσε
612 2694 652 2707 -
665 2660 797 2742 νιαλόααι]
821 2662 932 2752 Eadem
944 2649 1107 2757 iungantur
1116 2662 1148 2738 p.
1157 2661 1229 2735 414,

124 2782 127 2792 ·
147 2748 177 2809 8.
196 2762 353 2803 scaiman.

231 2846 261 2902 P·
276 2848 346 2911 350.
359 2865 388 2905 v.
403 2851 452 2911 26.
473 2841 579 2926 φήσει]
601 2802 724 2929 [spol]
748 2841 839 2926 φήσει
852 2848 963 2944 rectius
976 2847 1063 2923 liegg.
1080 2868 1107 2907 α.
1119 2843 1229 2945 e.,Aug.

147 2938 178 2987 et
190 2927 274 2987 Harl.
290 2949 419 2990 airaon.
442 2932 527 3009 Yulg.
540 2931 624 3012 φησι.
647 2926 740 3011 φήσει
753 2931 875 3009 August.
889 2950 1011 3018 primus.
1034 2930 1158 2987 Conciti
1172 2952 1231 3008 φη.

149 3030 202 3074 σει
223 3032 318 3071 amsa.
868 3042 872 3047 -

231 3114 263 3172 P·
278 3115 349 3179 ³50.
362 3133 392 3171 v·
405 3118 455 3179 26.
480 3109 662 3197 Τιμαγόραν]
682 3114 740 3172 Hie
759 3114 888 3193 legatus,
912 3113 1077 3193 Artaxenm
1098 3110 1233 3186 adorato,

147 3196 251 3256 multis
268 3197 439 3275 muneribus
462 3197 587 3257 donatus
608 3207 660 3258 est.
689 3198 1014 3257 videSuidam.w01a.
1045 3195 1088 3251 De
1101 3192 1161 3251 lioc
1176 3194 1230 3252 Ti-

147 3298 266 3358 magora
288 3281 358 3338 ride
380 3282 569 3340 Platarchum
594 3282 628 3339 in
646 3281 787 3361 Pelopida
806 3291 837 3339 et
858 3282 891 3339 in
909 3281 1081 3341 Artaxerxe.
1103 3296 1231 3337 raanan.

151 3360 321 3445 Τιμαγόρας
335 3365 444 3423 Aldina
457 3365 586 3444 Taylori.
601 3384 695 3424 aaran.
733 3365 769 3424 V.
783 3365 995 3427 Valckenarius
1006 3360 1099 3422 Diatr.
1111 3361 1148 3420 dc
1159 3361 1232 3422 Phi-

148 3448 233 3528 lippo
249 3448 360 3506 Maced.
374 3470 407 3548 p,
416 3453 488 3514 270.
503 3470 540 3507 ss.
561 3468 715 3509 sensuras.
1125 3487 1127 3490 <

178 3595 184 3607 ·
234 3550 266 3608 P·
278 3552 348 3616 350.
363 3571 392 3610 v.
405 3550 456 3617 27.
477 3543 662 3630 πεπόνθασι]
684 3542 880 3620 πεπόνθασιν,
892 3548 1016 3614 Bekker.
1037 3567 1194 3637 saumas.

150 3743 354 3766 m

182 3850 210 3920 *)
236 3857 294 3907 Hoc
312 3864 369 3919 est,
389 3852 433 3922 qui
449 3854 575 3907 Bouanati
598 3855 720 3924 auspiciis
736 3871 791 3908 rem
808 3852 889 3923 gessit
903 3852 981 3905 Dion.
999 3853 1154 3905 Lambinus:
1170 3850 1233 3902 Mo-
1251 3871 1253 3875 ¹

235 3925 315 4006 rsllus
332 3924 401 3974 enim
416 3923 478 3975 latis
494 3923 590 3975 dadum
603 3935 669 4006 Ιιιιιιιο
684 3925 739 3976 suis
756 3924 892 4006 deiunctae
908 3923 1117 4004 praeparationem
1135 3918 1233 4001 editio-

121 4104 124 4109 .
235 4009 443 4112 ttststtt
456 3990 1011 4129 ttettt‘tt',Emittit‘
1039 3989 1071 4041 ²¹¹
1089 3997 1232 4041 ⁰¹⁰¹²⁰¹¹⁶¹¹¹
1261 4040 1265 4047 ’

174 4159 215 4226 ”l
234 4162 277 4213 Sic
293 4163 416 4215 naisum
429 4160 508 4215 etiam
523 4161 553 4215 iu
568 4169 641 4215 texta
660 4161 828 4232 interpunxit.
850 4177 988 4214 summa.

159 4262 215 4328 “tl
231 4263 308 4319 sads
324 4283 386 4317 non.
403 4281 540 4319 acaum.
769 4260 773 4267 ’

201 4375 300 4423 Annos.
316 4375 353 4424 ad.
366 4373 503 4425 Demostl.
518 4375 548 4428 Τ.
563 4373 601 4424 ΙΙ.
959 4364 1014 4423 Ff
