2774 4740
288 193 346 256 sn
374 193 520 257 onir..
539 192 598 267 oa
619 192 749 297 'usna
777 164 931 267 uasat
955 199 1119 263 sacar.
1181 205 1259 277 aar.

145 359 203 421 lori
225 362 347 423 Natiso.
360 359 438 421 hISti
461 360 560 425 nostri
571 360 743 440 Nessoiuor,
768 356 1063 445 bainabagma,
1077 348 1143 431 non
1162 370 1248 451 quod

144 444 262 507 librarii
278 444 429 525 duplicem
442 446 623 537 scriptpram
634 445 767 507 civitatis
781 447 975 525 invenerant,
997 461 1034 513 ut
1052 454 1130 513 mala
1148 474 1246 533 nugu-

144 530 231 589 ratur
245 528 379 589 Valesius
394 530 427 589 in
440 530 526 591 Notis
542 532 580 591 ad
594 531 754 611 Harpocr.,
773 532 828 591 sed
843 534 925 612 qnod
941 534 1079 615 procliue
1094 538 1187 599 fucrit
1207 558 1247 601 ox

143 611 193 685 his
209 613 351 690 vocibus,
370 613 424 679 ool
436 610 508 689 cotie
529 614 563 679 Iu
575 615 700 679 Νέωσιν
722 610 948 698 ἀπειλήφεσαν,
970 621 1110 681 oscitanti
1129 623 1249 691 scribae

143 699 204 756 talo
218 698 386 758 monstinrn
401 700 577 779 procudere.
605 700 663 759 Sed
677 701 787 760 Valesii
812 703 1025 762 existimationi
1046 706 1152 775 melius
1168 718 1249 778 earet

145 784 333 859 consultum,
354 784 380 843 ai
400 784 537 845 totuilla
559 785 712 845 adnotatio
732 786 888 847 deleretur.
915 789 1043 849 Pessime
1063 791 1144 851 enim
1158 793 1246 871 ,capu

144 867 275 927 auctoris
289 862 385 927 nostri
404 879 532 929 mentem
554 868 588 928 in
606 869 664 929 bac
680 870 822 950 periodo,
838 864 940 953 ¹atque
954 871 1006 935 hio
1025 884 1111 935 extra
1132 874 1252 949 limites,
1335 912 1343 921 =

143 952 256 1031 negotii
276 951 321 1013 sui
346 952 517 1033 divagatur,
534 964 570 1016 ut
589 954 622 1014 id
637 956 737 1037 palam
753 954 893 1021 omnibus
909 956 1028 1019 faceret.
1054 959 1127 1021 liius
1144 956 1247 1025 tauiera'

143 1036 257 1097 meritis
267 1035 328 1095 hoc
343 1036 480 1099 lubenter
495 1059 563 1099 sum
581 1040 814 1100 condonaturus.
835 1041 931 1101 Lobua
945 1042 1091 1103 Herodoti
1105 1053 1151 1103 est
1165 1044 1244 1105 VIII.
1294 1039 1296 1042 ⁴

143 1124 194 1188 82.
216 1140 346 1181 rarior.
367 1118 547 1198 ἕννεῶσινας
560 1124 654 1184 l’aris.
669 1125 791 1203 qulntua
805 1125 1000 1206 etseptimus.
1021 1127 1164 1191 ἐννεωσιν
1184 1128 1244 1187 lla-

142 1206 263 1265 varicus
271 1252 280 1282 ,
302 1206 355 1265 sed
377 1208 442 1267 sine
456 1217 590 1268 accentu.
610 1209 710 1287 Prima
721 1226 826 1268 manus
844 1208 877 1269 in
888 1205 1062 1289 Augustino
1075 1213 1175 1293 primo
1189 1213 1244 1273 do·

143 1289 229 1350 derat
253 1308 434 1366 εννεωσινας
451 1287 630 1371 astrioaoav:
658 1294 765 1352 deiude
788 1295 941 1355 recentior
960 1295 1066 1375 aliquis
1087 1288 1130 1359 dn
1151 1318 1244 1377 supra

142 1390 261 1434 versum
278 1374 446 1456 adscripsit,
461 1378 568 1437 volens
581 1378 632 1437 ille
648 1377 737 1453 idem,
757 1378 841 1457 quod
855 1379 890 1438 in
902 1380 1024 1458 vulgato
1037 1378 1174 1462 exemplo
1188 1388 1244 1461 est',

72 1492 77 1497 -
143 1458 231 1532 dare3
257 1459 310 1519 sed
321 1479 377 1539 por
392 1481 523 1523 erromn
537 1486 589 1537 ας,
611 1461 697 1521 cuius
711 1462 780 1521 loco
792 1454 986 1543 insumpsit,
1006 1464 1145 1543 reliquit,
1162 1464 1244 1545 quod
1260 1492 1271 1511 ι

141 1544 250 1617 tollens¹
267 1543 426 1625 debuerat,
441 1544 474 1608 ἓν
491 1550 595 1609 Nasica
614 1546 667 1606 dat
686 1546 792 1607 suidas
809 1568 841 1607 v.
863 1550 981 1626 Neoioe,
1000 1549 1052 1608 ubi
1068 1548 1161 1609 buius
1181 1550 1244 1611 loci

92 1686 97 1691 .
140 1627 287 1704 meminit,
302 1627 374 1689 item
388 1628 621 1712 Harpocration.
642 1648 739 1691 aaran
760 1631 795 1691 V.
811 1632 937 1697 Photius
951 1654 976 1695 u
988 1636 1060 1699 217.
1071 1654 1244 1695 acuum.

227 1733 259 1790 Ρ.
275 1735 347 1796 387.
360 1750 390 1789 ν.
407 1735 455 1795 to.
479 1729 601 1812 atnoe]
624 1733 714 1811 Vulg.
732 1726 842 1794 αὗτῶν.
868 1727 967 1811 adsue
983 1733 1052 1798 tlt.
1077 1734 1108 1794 P.
1129 1736 1244 1794 Manat.

141 1812 312 1875 bavaricus.
328 1809 412 1900 adegi
424 1816 682 1876 Parissecundus.
700 1810 813 1876 Mutari
825 1816 1069 1897 spiritumlanern
1078 1838 1244 1901 rumespe-

141 1918 186 1960 ro.
207 1901 309 1958 Potest
323 1900 400 1958 lenis
415 1919 536 1978 quoque
552 1900 691 1979 probari,
715 1900 767 1960 sed
786 1911 881 1982 prout
896 1902 1020 1961 verbum
1038 1898 1244 1984 ἆπειλήφεσᾱν

142 1984 299 2064 accipitur.
321 1984 473 2043 Sententia
491 1984 634 2044 nimirum
659 1985 686 2043 ei
700 1984 776 2044 haec
790 1994 850 2045 est:
873 1985 1038 2049 Phocenses
1051 1998 1169 2067 partem
1187 2010 1244 2061 co-

139 2068 259 2150 piarum
273 2067 481 2129 Ilaebunarum
504 2068 553 2151 (ut
566 2063 666 2131 mirei-r
679 2070 718 2127 ad
730 2069 887 2129 Thebanos
896 2069 1012 2152 redeat)
1036 2074 1118 2153 apud
1127 2074 1243 2134 neonae

141 2152 362 2234 interceperant
370 2198 379 2227 ,
393 2153 600 2229 absciderant,
621 2153 936 2219 circumvallaverant:
959 2164 1041 2216 recte
1054 2156 1144 2215 brbet
1156 2157 1242 2215 lenis.

141 2238 194 2297 sin
218 2250 319 2297 antem
338 2237 412 2296 haec
433 2237 548 2296 obtinet
561 2238 721 2314 sententia,
738 2258 815 2318 quae
826 2238 857 2297 h.
868 2238 1023 2300 initietur
1039 2240 1173 2301 obtinere
1188 2242 1243 2300 de-
1313 2288 1330 2319 .-

140 2318 226 2383 b'eru:
250 2320 418 2383 Phocenses
432 2321 554 2382 iurenee
570 2342 640 2385 suos
654 2332 912 2403 recuperaverant,
926 2344 1001 2404 quos
1016 2323 1147 2384 Thebani
1162 2325 1244 2407 apud

139 2409 257 2467 Neonus
274 2408 508 2488 interceperant:
529 2416 659 2487 praestat
677 2426 772 2488 asper.
795 2408 887 2482 Quod
900 2428 994 2487 porro
1013 2407 1071 2486 ait,
1098 2408 1244 2468 ducentos

140 2493 330 2571 septuaginta
348 2493 431 2553 viros
453 2490 692 2551 al'hocensibus
714 2510 814 2552 caesos
838 2512 917 2567 esse,
952 2502 1061 2573 sponte
1080 2514 1135 2555 sua
1156 2502 1244 2574 paret

140 2577 224 2636 viros
247 2576 403 2638 Thebanos
420 2576 556 2655 intelligi.
588 2596 682 2635 aaran.
712 2578 803 2636 Recte
823 2570 924 2639 adroic
947 2578 1072 2638 bekker.
1095 2576 1197 2641 adadu
1215 2577 1245 2638 si

139 2682 246 2723 unum
274 2671 366 2739 osset,
405 2661 440 2725 iu
466 2662 601 2725 membro
632 2662 773 2746 proximo
801 2670 977 2742 oportuerat
1008 2662 1081 2737 addi
1110 2662 1244 2727 taalenu.

139 2766 296 2808 saumana.

147 2880 150 2885 ·
223 2848 256 2909 P·
271 2853 344 2915 887.
358 2869 390 2907 V.
405 2852 456 2913 10.
478 2844 666 2929 διακοσίους]
678 2847 977 2929 apmaooiougmurgo
992 2848 1164 2908 Lutatianaa
1178 2806 1244 2906 sine

141 2932 326 2992 auctoritate.
342 2952 438 2991 aaran
458 2931 549 2994 Haud
561 2932 735 3012 infrequens
751 2933 890 2993 contusio
907 2931 1017 2993 horum
1033 2932 1243 2997 numeralium.

67 3014 73 3023 “
139 3035 296 3075 rumaren.

225 3117 257 3177 Ρ.
270 3120 344 3183 387.
357 3136 387 3174 u.
402 3120 451 3180 11.
471 3099 630 3197 Ἡδυλείῳ]
652 3113 687 3172 Ia
708 3112 780 3174 Cod.
800 3078 971 3212 Augustano
995 3133 1038 3195 oz.
1056 3111 1128 3197 ὅρος
1144 3094 1243 3193 Φωκίς

140 3201 202 3274 tog.
238 3201 328 3261 Plura
360 3199 398 3259 de
422 3222 457 3259 ao
483 3198 701 3276 consignantur
723 3197 759 3257 ab
786 3198 914 3279 Ulpiano
943 3208 973 3258 et
995 3198 1242 3281 Harpocratione.
1290 3194 1296 3205 '

140 3305 272 3349 rsraon.
301 3282 429 3369 navate
457 3278 580 3363 August.
609 3283 769 3347 sccundus.
801 3304 898 3347 naam.
935 3284 972 3348 V.
994 3278 1117 3351 Photius
1134 3305 1166 3369 c.
1191 3286 1242 3352 51.

139 3390 298 3435 tonsuret.

225 3474 454 3539 P.387.v.11.
484 3462 631 3548 εἱστήκει]
659 3470 763 3531 Malim
785 3463 980 3547 εἴστήκὲισαν.
1007 3492 1102 3533 tonan.
1130 3470 1241 3530 Dubito

140 3556 340 3617 vehementer.
366 3557 519 3637 Scriptum
533 3565 578 3613 eat
594 3556 775 3615 Graecanico
789 3575 879 3615 mure.
895 3555 974 3615 lnsra
987 3560 1096 3636 p.444,
1112 3559 1141 3620 5.
1158 3556 1242 3635 ἔκρα-

65 3670 69 3677 .
100 3686 104 3693 -
140 3645 250 3702 corioro
269 3643 402 3721 Θηβαῖοι
415 3639 466 3703 καὶ
482 3634 562 3725 μάχῃ
579 3634 723 3719 ἥττηντο,
740 3637 792 3701 καὶ
806 3632 950 3718 reductor
962 3633 1132 3703 dn'edrotv
1144 3634 1243 3719 ἐἱστή-

139 3746 195 3787 stes.
224 3745 356 3785 rarior.
384 3726 517 3785 Subuudi
541 3720 645 3797 adroic
664 3720 739 3787 sarci
765 3728 827 3785 seio
849 3726 1001 3803 Θηβα1ων.
1036 3725 1242 3802 Tropaeuma

130 3809 341 3887 ‚Phocensibus
357 3821 487 3869 ereetum
512 3809 549 3868 ‹le
569 3810 716 3868 Thebanis
731 3809 828 3867 stabat
845 3808 1017 3869 adhucdum
1030 3810 1165 3882 salumn,
1187 3828 1242 3867 ne-

141 3910 200 3977 que
217 3895 405 3971 conciderat,
423 3914 518 3977 noque
535 3894 711 3955 aTbcbanis
729 3895 883 3952 revulsum
909 3894 1016 3971 tuerat,
1031 3904 1127 3953 neret.
1147 3893 1244 3951 lucini
1324 3920 1328 3927 ·

121 3979 345 4041 ·coniccturam
364 3987 516 4039 aversatur
538 3978 690 4039 Graecitas
709 3977 945 4037 Detnostbenicu.
965 3976 1001 4037 V.
1015 3987 1077 4036 not.
1092 3977 1130 4035 ad
1148 3984 1243 4056 p.'11.
1299 4014 1304 4023 ·

140 4068 193 4131 26.
209 4063 360 4124 Weiskiua
376 4062 414 4123 ad
427 4062 552 4140 Longin.
572 4068 686 4143 [1694.
700 4072 729 4123 ot
747 4061 943 4143 Kiesslingius
959 4058 1170 4123 ad'Iamblichi
1184 4061 1243 4120 Vit.

142 4148 266 4231 Pytheg.
281 4172 312 4231 p.
325 4152 396 4217 513.
418 4166 576 4221 sensenna.
1186 4150 1189 4155 ’
1231 4143 1236 4159 “

226 4252 259 4310 P·
272 4257 344 4322 887.
359 4272 391 4313 v·
407 4255 457 4317 12.
477 4254 581 4314 κακῶν
598 4243 706 4326 hiscis]
728 4246 832 4326 Miror,
848 4269 902 4311 cur
917 4245 1076 4311 Genstltlio
1084 4289 1094 4323 ,
1122 4245 1244 4325 mitiquo
1287 4247 1290 4252 '
1326 4270 1330 4275 ·
