2774 4740
103 199 105 203 ⁴
140 152 233 285 sm
321 162 327 174 ’
423 206 465 275 n·
488 206 702 273 escuem
735 166 1006 273 unsnsssso

183 375 1264 413 w

372 1037 947 1121 ,.1.''rnYLOn1
1028 1058 1035 1088 ⁸

175 1384 181 1481 ζ
221 1366 644 1488 onsn'lonnn
685 1396 1205 1533 nnnosrnnms

439 1736 557 1841 pisce
582 1756 713 1809 ceses
736 1757 981 1810 cscsrmnn
1007 1764 1012 1775 ·

359 1909 384 1971 P
442 1909 472 1973 R
525 1909 554 1974 Δ
608 1908 636 1974 E
691 1907 717 1975 F
770 1911 798 1974 A
856 1909 888 1977 Τ
943 1909 959 1974 l
1016 1910 1055 1972 Oa

600 2085 805 2109 m

19 2276 30 2299 ι
160 2192 300 2325 Habes,
322 2249 449 2327 Lector,
473 2238 790 2330 primo'llesuosthenis
811 2249 975 2310 orationem
991 2228 1195 2325 decantatum,
1218 2244 1262 2309 sel
1288 2247 1313 2303 ’.

55 2352 58 2362 ·
161 2335 276 2415 optima
289 2335 362 2411 fers,
387 2355 463 2415 quse
472 2335 609 2415 ¹reperiri
621 2336 779 2416 poterant,
796 2336 978 2415 exemplaris
990 2356 1007 2394 s
1020 2357 1066 2395 ms
1078 2335 1257 2413 recensitum

160 2418 322 2502 eorumque
335 2441 409 2500 ope,
435 2421 519 2500 quod
536 2421 592 2481 vix
611 2418 750 2481 credibile
771 2419 936 2481 existimari
954 2430 1068 2500 potest,
1087 2419 1271 2500 quingentis.

160 2504 284 2564 circiter
300 2505 333 2564 in
345 2506 420 2564 locis
433 2506 610 2580 restitutam,
632 2504 740 2563 deinde
750 2504 905 2565 Aeschinis
916 2505 1126 2583 defensionem,
1141 2525 1259 2567 sumtus

53 2615 56 2620 ·
158 2588 264 2671 itidem
285 2609 358 2651 curs
382 2590 554 2669 expolitum.
584 2590 686 2668 Neque
703 2608 750 2655 me
764 2589 875 2650 infiniti
888 2591 948 2651 iere
965 2590 1086 2668 loboris,
1100 2611 1186 2671 quom
1200 2610 1261 2663 ex·¹

160 2673 273 2732 antlsvi
280 2718 290 2750 ,
306 2675 447 2754 poenitet.
471 2674 563 2751 Min,
584 2683 620 2734 ut
634 2674 673 2733 e'd
687 2683 844 2753 utrumque
858 2674 1080 2735 contentionem
1092 2677 1256 2737 reseramus

67 2798 84 2827 ⁸.
160 2777 203 2833 eo,
222 2777 299 2838 quoe
314 2759 394 2819 dixit
407 2757 511 2819 Cicero
528 2760 565 2819 de
579 2761 685 2836 ultera,
708 2757 789 2839 quid
800 2771 865 2818 tam
879 2759 1037 2821 visendum
1050 2772 1108 2821 aut
1123 2759 1266 2820 audien--

160 2840 325 2920 dehiscit,
343 2866 438 2924 qnam
452 2865 642 2904 summorum
653 2854 811 2902 oratorum
823 2847 858 2904 in
868 2847 1065 2926 gravissimis
1084 2848 1188 2904 causis
1201 2866 1256 2904 ac-

160 2939 271 2986 curata
289 2941 316 2988 et
325 2932 499 2988 inimicitiis
517 2933 639 2990 isicem
652 2929 833 3009 corsterstio?¹

139 3010 152 3039 ⁸
242 3013 311 3074 Non
324 3015 420 3074 multa
432 3025 518 3090 sunt,
531 3036 615 3094 ,quae
626 3015 666 3074 iis
675 3014 771 3074 habeo
788 3015 960 3094 praefanda.
989 3015 1143 3087 Neminem
1157 3014 1196 3073 nd
1207 3035 1255 3074 ess

21 3150 24 3157 .
43 3133 46 3137 ⁴
160 3118 346 3159 secessurum
362 3120 423 3160 esse
437 3100 567 3160 arbitror
580 3100 638 3159 nisi
655 3100 777 3161 historin
792 3119 897 3176 gruem
911 3099 1019 3159 leviter
1033 3101 1139 3159 saltem
1152 3099 1255 3159 imbu-

158 3191 223 3242 tum
240 3202 414 3264 rerumque,
444 3205 519 3265 quse
539 3185 713 3251 Macedonis
734 3194 764 3245 et
783 3183 907 3259 Athenis
926 3183 987 3243 hoc
1002 3194 1136 3264 tempore
1159 3184 1255 3263 egitu-

158 3267 279 3344 bentur,
293 3271 444 3329 scientem.
460 3270 549 3343 Quod
564 3271 690 3350 siquem
704 3272 847 3329 lectorem
865 3290 899 3328 eo
914 3270 1031 3348 negotia
1046 3268 1189 3327 hactenus
1202 3271 1255 3329 su-

47 3417 50 3422 ,
159 3354 267 3430 gerint,
286 3355 356 3413 sotis
373 3363 474 3413 tumen
486 3355 653 3415 instructus
677 3375 739 3432 esso
754 3355 867 3434 poterit
884 3376 900 3412 a
917 3354 1052 3433 diligenti
1065 3354 1189 3413 istarum
1203 3367 1260 3413 re-'

52 3458 56 3475 ·
158 3456 229 3496 rum
256 3446 486 3518 temporumque
507 3440 695 3515 recensione,
726 3460 815 3517 quem
834 3438 981 3519 Ulpianus
1004 3437 1093 3520 (nom
1110 3438 1254 3499 Libonius

59 3522 62 3529 ’
158 3521 280 3581 brevior
293 3521 356 3605 est)
375 3523 447 3583 huic
467 3524 595 3584 orationi
613 3523 817 3583 Demosthenis
832 3523 994 3603 praefixum
1008 3544 1066 3603 pro
1078 3529 1253 3600 argumento
1289 3558 1290 3562 ,

45 3614 71 3694 .·'
97 3608 103 3617 ’
159 3627 221 3666 csse
231 3602 339 3665 voluit.
360 3609 400 3667 Et
414 3609 485 3688 quie
500 3630 587 3669 nemo
601 3611 671 3683 fere,
686 3609 746 3667 nisi
759 3609 900 3688 perlectis
915 3607 1099 3688 Philippicis,
1110 3607 1170 3666 huc
1179 3630 1253 3690 pro-

158 3692 305 3768 greditur,
332 3704 508 3773 eapropter,
534 3693 677 3774 quoniam
698 3694 794 3753 multe
817 3693 925 3752 exinde
951 3702 1021 3752 sunt
1043 3693 1252 3774 depromenda,

159 3775 299 3858 (maxime
312 3797 350 3836 ex
361 3778 529 3859 Philippico
541 3779 599 3855 11.‚
622 3797 697 3857 quse
710 3787 755 3837 est
766 3777 856 3837 huius
872 3777 1093 3856 quodammodo
1110 3778 1254 3838 orationis

158 3859 281 3943 editus)
295 3862 445 3939 historiae,
469 3873 504 3923 ut
516 3863 627 3942 possim
642 3863 732 3936 soleo,
748 3862 972 3922 concinnandae
986 3872 1016 3923 et
1026 3861 1269 3944 praeponendae

158 3947 350 4026 supersedere
365 3949 477 4007 maiore
490 3967 560 4005 cum
576 3947 663 4007 venie
681 3967 811 4026 possum.

242 4032 282 4089 At
295 4032 408 4091 intereo
421 4033 568 4091 nonnulla
580 4041 649 4091 sunt
662 4053 731 4091 sune
746 4053 764 4089 n
778 4052 825 4091 me
837 4032 1151 4112 minimenegligendu.
1173 4033 1252 4091 Gre-

155 4114 277 4174 vissime
292 4117 371 4175 enim
384 4117 417 4175 in
434 4116 522 4176 titulo
533 4127 686 4196 peccatur,
701 4126 783 4176 etex
796 4118 933 4177 omnibus
946 4128 1008 4177 turn
1017 4117 1149 4196 antiquie
1163 4138 1253 4195 quom

156 4199 383 4276 recenlioribus,
408 4201 598 4281 quilsutlsnt
616 4201 696 4261 hunc
711 4204 876 4262 orationem
890 4201 1107 4275 Demosthenis,
1125 4200 1252 4282 (laudn-

158 4292 335 4365 sinautem,
360 4286 415 4346 ille
435 4287 472 4349 de
491 4309 602 4350 corona
624 4298 768 4371 excepto,
788 4309 861 4371 proc
874 4287 998 4349 caeteris
1011 4288 1073 4351 lero
1089 4284 1251 4376 omnibus,)
